3475 5250
708 359 750 374 -
800 326 863 391 105
909 356 971 375 -·

190 503 304 574 eodem
328 523 426 573 sensu
450 499 624 569 adhibetur
647 504 681 568 ct
700 503 765 586 μη;’
803 503 918 570 Aesoh.
942 504 1002 587 Ag.
1030 507 1093 570 679
1118 503 1212 588 (650)
1228 493 1339 589 'trim.‚
1376 497 1475 590 Soph.

189 615 239 682 Ai.
274 615 339 680 668
362 612 461 694 irim,
497 610 525 677 si
554 610 719 678 codicibus
747 609 828 678 fides
857 611 1008 678 habenda
1038 618 1098 678 est.
1127 613 1250 679 'Aliter
1279 618 1487 696 asumuntur:

188 720 370 807 particulae
394 721 429 785 rt
449 719 534 802 μήν;
559 718 656 802 Soph.
682 717 730 785 El.
759 721 845 785 1280
869 720 956 802 mel,
981 720 1037 785 ubi
1061 720 1194 786 Orestes
1218 721 1414 803 interrogat:
1446 723 1479 787 vt

187 828 258 912 μὴν
287 827 344 909 οθ;
381 826 549 910 „quidni“.
597 824 698 892 Simil.
729 825 809 892 Oed.
834 825 902 894 (lot.
938 830 1022 893 1469
1052 828 1152 910 chon,
1188 827 1285 896 Rhes.
1311 829 1376 893 706
1400 829 1477 893 mel·

192 937 258 1002 955
282 937 380 1016 irim,
406 934 461 1002 ubi
485 936 519 999 τί
539 933 626 1016 μην;
650 933 759 1016 potius
783 939 946 1000 vertatur:
972 935 1047 1018 quid
1073 935 1210 1001 revera?

298 1044 335 1109 ld
359 1063 418 1126 pro
443 1047 532 1109 certo
556 1041 657 1109 statui
675 1044 793 1126 potest,
820 1060 914 1108 usum
929 1061 1030 1125 snpra
1046 1062 1160 1110 comm.
1176 1041 1347 1126 Syracusis
1363 1048 1478 1110 notum

193 1152 303 1234 luisse,
339 1169 440 1235 quare
474 1152 507 1216 τί
530 1150 605 1233 (μην
640 1150 739 1216 etiam
769 1148 855 1232 apud
886 1150 1081 1234 Aeschylum
1116 1150 1277 1218 Siceliotis
1307 1149 1478 1216 elementis

193 1259 468 1325 adnumerandum
494 1263 553 1340 est,
589 1256 749 1340 siquidem
773 1256 1008 1340 Dittenberger
1036 1258 1076 1324 de
1106 1257 1216 1324 Attica
1244 1256 1477 1324 consuetudine

190 1371 316 1434 rectum
339 1367 431 1433 vidit.

748 1557 918 1627 ΘΩΣΘΑΙ.

208 1737 213 1744 “
298 1724 358 1792 Vel
380 1723 538 1790 incertior
561 1739 614 1788 res
640 1726 691 1790 est
714 1721 746 1788 in
771 1722 869 1789 verbo
893 1720 1047 1804 θῶσθαι,
1079 1724 1164 1807 quod
1188 1724 1368 1808 Aeschylus
1376 1724 1400 1808 1)
1425 1745 1478 1792 ex·

188 1833 281 1901 hibet
314 1831 376 1914 frg.
406 1832 448 1896 49
480 1850 532 1914 ap.
569 1830 706 1914 Hesyeh.
739 1849 823 1900 seru.
858 1828 1019 1897 θῶσθαι·
1045 1829 1240 1914 θαλνοσθαι,
1276 1829 1477 1913 θοινᾶσθαι,

190 1938 409 2024 εὐωχεῖσθαι,
446 1936 618 2022 Αἰσχύλος
653 1934 907 2020 Δικτσοολκοῖς,
944 1937 983 2004 cf.
1019 1940 1125 2023 Etym.
1160 1939 1269 2022 Magn.
1304 1960 1338 2023 p.
1362 1941 1475 2006 4611

190 2045 334 2114 θῶσθαι
368 2044 527 2132 λέγουσιν
556 2047 588 2132 οἱ
617 2044 798 2130 Δωριεῖς
830 2044 869 2113 τὸ
906 2045 1123 2130 εὐωχεῖσθαι.
1169 2046 1275 2113 Huius
1310 2047 1401 2114 verbi
1435 2065 1477 2113 ne

189 2155 361 2238 vestigium
396 2154 526 2238 quidem
550 2159 658 2220 exstat
696 2154 730 2221 in
759 2154 893 2222 Graecis
929 2155 1050 2222 litteris
1087 2155 1148 2223 nisi
1179 2156 1265 2238 apud
1290 2155 1477 2222 Alcmenam

73 2267 75 2273 “
189 2262 249 2346 ing.
276 2264 329 2332 23.
348 2264 387 2328 81
415 2260 572 2348 (Bergk4)
596 2260 777 2346 θωστηριά
800 2263 833 2328 τ’
861 2261 925 2345 ἅμ’
950 2262 1082 2328 &auocet
1106 2263 1213 2345 „diem
1238 2261 1356 2330 festum
1381 2263 1478 2329 simul

187 2371 322 2438 laodat“
348 2377 382 2437 et
404 2369 634 2454 Epicharmum
657 2369 718 2452 ing.
740 2371 838 2436 139Κ
863 2370 943 2454 (167
970 2370 1062 2454 Ahr.)
1087 2368 1321 2453 θωσούμεθα·
1346 2368 1365 2434 5
1391 2368 1479 2451 Ζεὺς

189 2476 352 2561 ἀναρρύει
388 2477 427 2544 cl.
462 2478 591 2545 Absens
621 2477 698 2546 dial.
721 2478 770 2543 11:
797 2498 828 2561 p.
853 2479 929 2560 343,
965 2479 1020 2562 qui
1057 2479 1155 2545 etiam
1191 2479 1476 2562 grammaticorum

188 2585 375 2652 testimonia
419 2591 569 2654 accurate
609 2586 811 2671 conquisivit,
851 2587 942 2653 velut
981 2585 1136 2670 Hesychii
1182 2584 1309 2669 glossas
1349 2583 1474 2668 θῶται,

189 2690 335 2773 θῶνται,
375 2693 415 2759 al.
454 2694 563 2760 Photii
602 2691 763 2763 τέθωτοι.
825 2694 967 2762 Verbum
1006 2694 1136 2778 quidem
1176 2693 1336 2761 Graecum
1375 2692 1478 2759 Prell·

191 2800 317 2865 witzius
340 2799 360 2865 l.
381 2819 405 2866 c.
432 2800 614 2867 rectissime
642 2801 807 2867 coniunxit
838 2821 909 2868 cum
939 2801 1067 2868 nomine
1090 2798 1205 2884 θοίνη.
1253 2799 1333 2867 Oum
1369 2805 1477 2865 autem

191 2907 345 2976 Doricum
369 2908 413 2974 sit
448 2913 482 2975 et
505 2908 593 2991 apud
622 2908 851 2992 Epicharmum
880 2910 1019 2992 legatur,
1054 2907 1150 2975 facile
1175 2898 1269 2992 apud'
1285 2908 1478 2993 Aeschylum

193 3014 348 3084 Siceliota
372 3036 432 3082 vox
455 3014 555 3083 luisse
578 3020 699 3099 potest.

712 3282 959 3353 OBPIKAAA.

302 3464 420 3530 Vocem
456 3461 572 3547 ,ἅπαξ
598 3463 802 3547 εἰρημένην(ι
838 3464 1016 3549 Aeschylus
1046 3465 1177 3532 exhibet
1207 3467 1267 3548 Ag.
1297 3468 1357 3531 143
1382 3464 1477 3552 (135)

194 3572 281 3638 chor.
315 3569 540 3655 φιλομάστοις
567 3569 692 3655 θηρῶν
720 3569 951 3655 ὀβρικάλοισιν
987 3572 1188 3657 „bestiarum
1224 3574 1340 3640 catulis
1376 3574 1477 3641 ubera

193 3679 410 3746 amantibus‘.
457 3678 611 3745 Fortasse
629 3680 741 3745 eadem
766 3697 828 3745 vor
853 3680 887 3746 in
903 3681 1058 3763 Aeschyli
1081 3680 1144 3764 irg.
1170 3683 1212 3747 48
1237 3682 1288 3748 vel
1311 3681 1478 3766 Euripidis

193 3786 254 3868 frg.
282 3790 345 3852 616
370 3787 492 3868 scripta
516 3794 597 3868 erat,
627 3787 655 3853 si
678 3786 907 3870 Aristophanis
931 3789 1079 3872 Byzantii
1108 3790 1328 3859 testimonium
1360 3789 1408 3855 ita
1431 3790 1480 3857 in·

193 3894 403 3974 colligendum
428 3900 488 3976 est,
524 3896 609 3977 quod
639 3895 678 3961 de
702 3893 966 3982 vocibusuddpco
995 3902 1029 3962 et
1053 3894 1218 3980 ὀβρίκαλα
1241 3901 1400 3979 seruatur,
1437 3898 1477 3963 el·

195 4000 332 4067 Nauokii
356 4001 416 4084 frg.
443 4003 670 4084 Aristophanis
694 4024 730 4068 ιτ.
749 4001 844 4086 ὀνομ.
863 4002 950 4087 dicu.
977 4006 1005 4080 5,
1031 4024 1062 4087 p.
1083 4006 1157 4085 125,
1182 4005 1330 4073 Frosenii
1354 4006 1394 4071 de
1410 4005 1477 4089 λεξ.

194 4107 292 4173 Arist.
324 4127 357 4190 p.
391 4112 509 4194 120sq.
546 4113 617 4176 τῶν
652 4108 690 4176 δὲ
717 4108 887 4195 ὑστρὶχων
922 4112 980 4177 καὶ
1011 4111 1164 4179 λεόντων
1201 4114 1258 4178 καὶ
1285 4112 1401 4179 λύκων
1435 4111 1479 4178 τὰ

198 4212 321 4296 ἔκγονα
353 4212 476 4301 depae
499 4218 556 4283 καὶ
580 4215 779 4301 ὀβρίκαλα
803 4218 970 4285 καλεῖται·
1006 4220 1063 4284 καὶ
1089 4221 1259 4305 μέμνηται
1282 4219 1320 4287 dd
1339 4218 1479 4305 Mouet-

302 4449 323 4518 ¹)
339 4448 413 4505 Num
432 4448 526 4518 Suppl.
550 4451 618 4505 1002
635 4449 713 4520 (969)
734 4449 808 4506 trim.
836 4450 865 4504 in
889 4450 974 4506 verbo
993 4455 1123 4523 corrupto
1147 4458 1207 4507 θασ
1223 4456 1308 4526 μένην
1325 4452 1478 4524 (suprascr.

195 4540 230 4611 ει)
241 4538 336 4609 ,formu
354 4538 437 4594 huius
456 4538 533 4595 verbi
551 4539 628 4610 insit,
646 4539 727 4611 plane
747 4540 889 4597 incertum.
934 4595 940 4608 ,
