3475 5250
811 337 1031 405 ...96-

278 526 330 587 ter
364 535 474 585 vorem
508 516 663 583 audacius
697 519 865 584 transtulit
900 518 980 586 Ocd.
1009 510 1071 602 tyr.
1106 519 1169 583 184
1204 517 1291 585 chor.
1328 513 1436 583 ἀκτὰν
1465 512 1563 600 aduc

276 625 420 711 βώμιον,
454 623 1358 708 41.1111444414411444444441144444(1444414.121,
1392 626 1422 712 si
1444 644 1562 692 revera

281 733 388 800 ἀκτὰν
411 733 616 800 scribendum
640 737 701 798 est.
733 733 929 799 Parnassum
945 737 1056 799 sutem
1071 737 1214 798 montem
1229 733 1352 799 indicat
1367 733 1416 799 El.
1437 735 1497 799 181
1511 734 1561 800 ch.

278 841 342 907 cdo
366 839 477 924 Κρίσᾳ
499 837 676 924 βούνομον
711 838 799 924 ἔχων
822 839 951 907 ἀκτάν
985 847 1019 907 44
1042 841 1188 926 Nysaeos
1222 846 1350 908 montes
1373 846 1448 908 Ant.
1475 843 1561 907 1132

278 949 366 1016 chor.
390 950 448 1013 καί
471 967 509 1013 σε
531 944 698 1014 Νυσαίων
734 945 845 1031 ὀρέων
862 1001 869 1018 .
889 1002 896 1019 .
914 998 923 1017 .
942 945 1046 1032 ὄχθαι
1073 947 1193 1032 χλωρά
1222 933 1256 1013 τ’
1281 947 1369 1014 ἀκτὰ
1391 948 1562 1016 πολυστά-

280 1055 390 1141 potos
412 1053 585 1140 44444441)

385 1164 533 1246 Denique
557 1164 644 1246 apud
668 1163 904 1248 Euripidem
928 1163 1138 1247 originarium
1168 1181 1298 1231 sensum
1322 1183 1456 1248 perraro
1480 1165 1563 1248 legi-

277 1293 358 1355 mus,
382 1274 459 1357 quia
482 1273 513 1338 ei
537 1270 622 1354 ἀκτή
639 1291 700 1339 vox
715 1273 864 1355 poeticae
881 1277 1010 1340 tantum
1026 1272 1186 1339 sermonis
1208 1277 1269 1338 444
1300 1272 1563 1338 Promuntorium

278 1383 403 1449 indicat
425 1380 495 1446 Alc.
523 1379 587 1444 595
612 1379 671 1460 ch.‚
696 1380 1146 1464 paeninsulamhlagnesiam
1169 1380 1265 1446 Herc.
1291 1381 1356 1446 389
1381 1379 1442 1461 ch,
1472 1379 1564 1464 Sym·

278 1491 435 1574 plegudus
460 1487 559 1552 Andr.
584 1488 650 1553 864
674 1487 734 1570 ch,
759 1487 838 1553 litus
855 1505 1006 1554 saxosum
1032 1488 1119 1552 1130
1142 1487 1203 1569 ch,
1229 1488 1302 1554 Tro.
1328 1488 1370 1553 89
1393 1487 1481 1552 trim.
1512 1487 1563 1552 Ab

278 1595 516 1680 antiquioribus
554 1583 661 1681 poetis
695 1600 864 1662 mutuatus
900 1601 951 1662 est
985 1591 1094 1676 ἀκτὰς
1127 1591 1351 1678 Σιμοεννίόας
1389 1595 1440 1660 441
1474 1592 1562 1659 Σκα-

278 1702 468 1788 μανδρίους
490 1703 592 1769 Andr.
619 1705 704 1770 1018
730 1703 790 1778 ch.,
817 1705 904 1769 1183
929 1703 989 1784 ch.,
1013 1703 1063 1770 El.
1088 1707 1151 1768 441
1179 1703 1240 1786 ch,
1275 1703 1348 1769 Hel.
1373 1705 1440 1768 610
1464 1702 1561 1785 crim,

279 1813 353 1879 Tro.
379 1812 553 1879 31444144.
600 1811 664 1877 Pro
698 1813 828 1878 nomine
863 1812 998 1896 proprio
1033 1812 1225 1894 accipienda
1260 1817 1313 1877 est
1335 1808 1451 1894 Λευκὴ
1475 1809 1562 1893 ἀκτὴ

279 1923 378 1988 Andr.
405 1922 490 1985 1261
514 1921 611 2000 irim,
636 1919 820 2003 14141444.
845 1922 913 1985 436
930 1920 1017 1987 chor.
1042 1926 1077 1986 et
1101 1916 1197 2002 {dccccl
1222 1919 1360 2005 (Attica)
1383 1918 1455 1985 Hel.
1475 1920 1560 1984 1613

278 2031 366 2095 trim.
412 2028 559 2109 Reliquis
583 2033 693 2094 autem
709 2029 882 2110 permultis
906 2029 985 2094 locis
1010 2026 1097 2110 ἀκτή
1121 2029 1208 2112 apud
1232 2045 1307 2094 eum
1322 2029 1404 2094 nihil
1427 2034 1478 2095 est
1499 2028 1564 2094 nisi

278 2157 348 2204 ora
372 2135 621 2218 4444141444),-
648 2136 741 2201 simil.
764 2135 833 2202 Ion.
851 2135 912 2218 lrg.
939 2138 1029 2203 18.2
1053 2137 1153 2218 44144,
1179 2135 1242 2220 hg.
1259 2137 1369 2219 adesp.
1390 2139 1453 2201 144
1477 2137 1565 2203 chor.

385 2245 433 2310 Ex
472 2244 522 2310 his
561 2251 732 2326 poetarum
771 2244 967 2311 testimoniis
991 2250 1130 2328 apparet
1167 2246 1363 2311 vetustiores
1404 2243 1564 2326 imprimis

280 2352 471 2435 Aeschylum
505 2371 583 2418 4444
607 2351 654 2418 144
677 2369 753 2418 4444
782 2371 863 2434 4444,
900 2357 937 2418 44
961 2371 1001 2416 ex
1024 2351 1129 2417 lihero
1163 2369 1225 2417 usu
1248 2351 1440 2418 concludere
1463 2352 1564 2417 liceat

170 2535 173 2542 ,
278 2467 440 2544 sumptam
463 2459 564 2527 luisse
598 2478 670 2526 eam
705 2477 744 2525 ex
779 2479 927 2527 sermone
955 2461 1128 2527 cotidiano.
1176 2459 1422 2526 Recentiorihus
1453 2465 1563 2525 autem

279 2589 340 2637 vox
363 2569 540 2637 traditione
565 2569 705 2654 quadam
727 2569 857 2652 poetica
886 2566 1096 2652 suppeditata
1119 2573 1181 2635 444.
1226 2567 1267 2635 ld
1289 2562 1428 2635 maxime
1451 2573 1563 2634 tenen·

280 2680 355 2745 dum
371 2678 522 2761 Aeschyli
538 2696 631 2744 usum
647 2696 710 2743 non
728 2678 913 2745 necessarie
927 2692 1034 2761 neque
1050 2679 1091 2743 ad
1106 2678 1202 2745 lones
1215 2696 1320 2763 neque
1333 2680 1374 2744 ad
1386 2676 1564 2745 Homerum

279 2804 456 2851 recurrere.
495 2786 744 2853 vicissitudines
768 2792 888 2868 autem,
914 2806 997 2869 quae
1020 2787 1107 2853 inter
1123 2786 1317 2870 Aeschylum
1334 2782 1373 2871 44)
1387 2786 1562 2852 Pindarum

280 2893 532 2977 conspiciuntur,
559 2894 716 2961 eiusmodi
740 2900 825 2975 sunt,
850 2900 889 2959 44
911 2894 965 2961 1414
988 2894 1029 2960 ab
1052 2894 1110 2962 illo
1133 2894 1277 2978 pendere
1300 2895 1458 2961 videatur.
1645 2877 1649 2882 ”

386 3002 512 3078 Restat,
546 3007 583 3067 ut
617 3003 783 3083 singulare
807 3003 970 3084 pedestris
994 3002 1242 3069 Atheniensium
1276 3003 1434 3070 sermonis
1469 3002 1563 3069 testi-

279 3111 430 3176 monium
444 3110 610 3191 addamus,
635 3112 722 3194 quod
745 3116 854 3177 exstat
878 3112 912 3177 in
928 3110 1041 3176 libello
1066 3112 1106 3177 de
1124 3108 1372 3177 Atheniensium
1395 3110 1564 3194 republica

281 3219 464 3302 conscripto
494 3218 603 3303 [1144]
636 3218 752 3283 Athen.
783 3237 851 3301 rep.
876 3220 907 3284 2.
932 3220 972 3283 13
1005 3216 1101 3302 παρὰ
1129 3221 1245 3283 πᾶσαν
1275 3214 1419 3298 ἤπειρόν
1448 3210 1562 3295 444ιῆ

280 3324 379 3409 ἀκτὴ
403 3323 604 3409 προῦχουσα
626 3324 648 3409 ἢ
672 3329 778 3409 νῆσος
800 3326 1008 3409 προκειμένη
1036 3324 1059 3408 ἢ
1084 3324 1297 3407 στενόπορόν
1319 3343 1352 3389 cc
1382 3343 1425 3391 sc.
1452 3320 1564 3405 appul-

279 3436 368 3501 lendi
392 3453 498 3501 44444.
546 3432 668 3500 Hicin
698 3435 817 3500 Atticis
845 3434 967 3500 litteris
991 3434 1105 3500 unicus
1116 3432 1142 3516 ⁸)
1177 3434 1268 3499 locus
1301 3450 1432 3498 sensum
1467 3428 1564 3510 origi·

280 3545 408 3609 narium
442 3562 542 3625 supra
576 3542 707 3625 saepius
744 3548 1029 3609 commemoratum
1064 3542 1210 3625 praebet.
1258 3540 1379 3607 Tamen
1414 3536 1565 3603 dubitant

280 3652 341 3718 viri
376 3652 464 3717 docti
499 3651 539 3716 dc
581 3651 657 3718 stilo
693 3651 845 3731 auctoris,
883 3669 958 3715 num
993 3649 1026 3713 in
1060 3648 1146 3715 omni
1181 3667 1259 3715 4444
1293 3666 1397 3731 purae
1421 3644 1566 3710 Atthidis

281 3754 376 3826 444414
400 3760 456 3837 sit;
492 3776 549 3825 nos
574 3760 703 3842 quidem
739 3758 772 3823 id
801 3775 993 3840 persuasum
1028 3757 1123 3822 nobis
1152 3755 1318 3835 habemus,
1353 3759 1389 3819 at
1412 3751 1566 3818 iudicium

279 3868 376 3933 huius
400 3868 448 3934 rei
473 3872 561 3933 certo
589 3866 799 3933 fundamento
831 3864 936 3931 adhuc
966 3869 1064 3931 caret.
1114 3865 1209 3947 Apud
1232 3862 1442 3928 Aristotelem
1467 3863 1565 3940 certe,

388 4030 409 4096 ¹)
426 4025 549 4080 Eandem
567 3995 640 4079 iuter
658 4024 747 4096 ὄχθην
765 4028 793 4081 44
812 4019 900 4091 ἀκτήν
911 4022 1129 4078 vicissitudinem
1142 4022 1238 4087 hahes,
1257 4038 1319 4076 cum
1332 4020 1469 4075 Pindarus
1487 4019 1568 4071 44444

278 4115 436 4190 Ἀχέροντος
454 4109 544 4183 ἀκτάς,
566 4132 633 4185 quas
652 4114 805 4185 Aeschylus
825 4115 936 4169 4444414
958 4112 1150 4184 Ἀχεοοοσίους
1179 4111 1282 4181 ὄχθους
1308 4111 1361 4180 Ag.
1386 4112 1457 4165 1160
1475 4107 1569 4178 (1115)
1599 4121 1603 4132 ’

281 4206 356 4260 chor.
392 4201 465 4275 ὄχθη
494 4205 605 4277 quidem
633 4195 662 4259 44
686 4206 774 4275 ὄχθος
801 4201 1005 4258 1444441444·
1033 4204 1104 4257 Item
1133 4198 1234 4271 ,ἀκτὴν
1251 4200 1396 4271 χώμοιιος*ί
1415 4195 1569 4267 Aeschylus

226 4353 228 4357 ,
281 4299 362 4350 44444
381 4296 503 4367 Ohocph.
522 4299 539 4351 4
558 4296 631 4351 trim.
650 4290 756 4363 τύμβου
775 4291 872 4363 ὄχθον.
1214 4355 1216 4359 Ι

390 4388 413 4455 ²]
430 4385 473 4441 Ne
492 4384 651 4454 negligatur
670 4384 698 4439 in
717 4384 769 4439 hac
783 4400 880 4439 sensus
893 4382 1046 4438 mutatione
1066 4395 1141 4436 oram
1154 4377 1288 4437 Graecam
1301 4379 1404 4449 ubique
1418 4393 1477 4431 4444
1491 4391 1568 4432 saxo·

283 4492 341 4530 sam
361 4478 388 4529 44
407 4475 497 4531 dccciv
514 4476 631 4545 plenam.

389 4564 412 4635 3)
428 4555 574 4637 *Eacaceia
591 4564 678 4629 44414,
701 4564 780 4620 cuius
798 4565 966 4620 mentionem
984 4563 1054 4618 iacit
1071 4560 1227 4632 Xenophon
1245 4558 1318 4615 Hell.
1340 4562 1460 4626 1.1.11,
1487 4557 1571 4612 ductu

284 4660 327 4711 est
346 4672 362 4709 a
380 4672 447 4709 voce
465 4656 586 4727 ἐπακτὴρ
607 4658 753 4723 ,4444444“
774 4653 905 4725 (ἐπάγω).
