3475 5250
814 348 1037 413 ..98-

288 528 418 595 oraculo
454 526 595 594 adhibet.
643 525 706 594 Sed
741 527 822 594 haec
846 527 1012 610 hactenus,
1036 545 1077 592 ne
1100 525 1253 594 abeamus
1276 527 1310 592 in
1332 526 1510 594 incertiora
1533 534 1568 595 et

272 636 390 718 'magis
415 636 609 702 coniecturis
633 653 729 718 quam
752 635 839 701 iusta
862 637 989 702 ratione
1012 641 1154 718 experta.
1165 635 1189 717 ¹)

394 869 484 936 Haec
507 867 678 936 habuimus
707 868 747 934 de
770 867 887 951 priscis
910 867 1061 952 Aeschyli
1085 869 1202 935 Atticis
1233 869 1377 950 vocibus,
1407 888 1490 953 quae
1519 869 1568 933 di·

288 993 441 1043 ceremus.
489 977 601 1059 Neque
631 975 727 1042 etiam
758 975 855 1041 aliter
890 975 951 1042 hoc
973 977 1111 1043 alterum
1148 983 1246 1060 caput
1274 978 1466 1044 concludere
1490 977 1569 1042 lieet

286 1089 384 1167 atque
408 1085 568 1168 superius,
594 1102 664 1150 cum
689 1083 833 1150 dicamus
855 1083 951 1159 idem,
976 1086 1062 1167 quod
1086 1085 1126 1150 de
1142 1085 1258 1169 viginti
1283 1086 1413 1152 vocibus
1436 1085 1569 1151 demon·

286 1195 424 1258 stratum
449 1193 501 1274 sit,
526 1191 635 1258 velere
660 1191 856 1272 decentum,
881 1197 918 1257 ut
942 1193 1154 1276 intelligatur,
1179 1199 1259 1276 quot
1281 1213 1394 1260 revera
1410 1192 1568 1260 vocabula

285 1306 319 1366 et
341 1301 450 1367 Attica
474 1304 507 1366 et
529 1299 640 1366 Ionica
662 1303 795 1383 praeter
819 1299 945 1382 reliqua
970 1300 1039 1366 eius
1063 1302 1224 1367 elementa
1249 1338 1290 1348 —
1314 1302 1385 1367 dico
1418 1301 1510 1383 opica
1534 1306 1570 1365 et

286 1409 355 1474 sim.
398 1445 436 1456 -
479 1408 582 1474 insint
621 1406 653 1472 in
693 1425 841 1473 sermone
880 1408 1016 1489 tragico.
1078 1408 1121 1474 At
1158 1427 1200 1474 ne
1245 1409 1318 1492 quis
1356 1408 1568 1474 dialectorum

285 1517 508 1600 quaestionem
537 1514 712 1582 confundat
740 1533 812 1582 cum
840 1515 1025 1582 litterarum
1054 1515 1252 1582 Graecarum
1282 1515 1569 1592 vicissitudinibus,

285 1623 318 1689 id
334 1623 544 1690 statuendum
568 1630 627 1702 est,
652 1641 709 1688 nos
726 1624 892 1706 quaesisse
909 1628 1035 1688 tentum
1060 1624 1101 1689 de
1116 1623 1242 1707 origine
1257 1623 1375 1705 tragici
1398 1621 1569 1704 sermonis,

285 1749 350 1797 non
373 1731 414 1798 de
439 1731 623 1798 evolutione
647 1731 729 1796 eius.
778 1735 883 1814 Atque
907 1730 1084 1815 Aeschylus
1108 1731 1238 1815 quidem
1262 1731 1304 1796 ad
1328 1731 1470 1813 origines
1493 1729 1568 1795 illos

286 1841 367 1906 satis
390 1859 493 1922 prope
517 1839 653 1923 accedit,
686 1845 724 1904 ut
746 1839 845 1906 liceat
879 1840 965 1921 apud
993 1838 1084 1904 illum
1114 1857 1225 1905 vocem
1253 1837 1397 1904 Ionicam
1425 1837 1569 1903 Ionicam

286 1965 401 2014 vocare
425 1955 458 2014 et
481 1947 623 2013 Atticam
647 1947 806 2028 Atticam3
842 1947 1043 2030 posteriores
1078 1951 1187 2012 autem
1219 1945 1336 2029 tragici
1358 1951 1477 2029 poetae
1501 1962 1570 2009 ser-

285 2074 379 2121 mone
402 2055 528 2138 tragico
552 2055 602 2121 usi
626 2061 701 2120 sunt
724 2054 817 2137 quasi
840 2054 971 2137 poetica
992 2054 1105 2137 lingua
1128 2058 1240 2119 creata
1263 2053 1304 2119 od
1329 2051 1569 2135 componendas

285 2163 482 2246 tragoedias,
517 2161 603 2227 unde
638 2162 879 2228 demonstratur
913 2162 1030 2228 mirum
1064 2162 1098 2227 in
1134 2162 1263 2228 modum
1299 2179 1338 2226 ex
1372 2160 1471 2226 variis
1501 2158 1569 2225 illis

287 2270 457 2337 elementis
480 2269 632 2336 unionem
655 2270 816 2353 quandam
840 2269 1009 2338 coaluisse.

399 2465 419 2534 ¹]
439 2463 470 2521 ll.
484 2479 524 2534 gr.
538 2464 615 2519 verbi
635 2455 737 2520 ἀντιόω
755 2463 922 2519 mentionem
935 2463 1059 2532 iacimus,
1079 2463 1153 2535 quod
1170 2463 1274 2534 legitur
1287 2461 1386 2520 hesoh.
1407 2462 1502 2534 Suppl.
1515 2465 1568 2519 389

270 2543 362 2627 ihil)
380 2555 462 2624 irim,
482 2555 564 2610 etiam
583 2555 657 2624 apud
675 2553 844 2609 Herodotum
864 2570 996 2625 persaepe
1014 2553 1091 2608 volut
1109 2553 1132 2608 Ι.
1151 2556 1197 2621 76,
1220 2555 1281 2618 207,
1304 2552 1352 2608 IV.
1373 2557 1397 2620 l,
1415 2555 1442 2622 3,
1463 2556 1513 2610 126
1524 2553 1571 2623 ah,

287 2649 316 2701 et
344 2645 418 2715 apud
437 2645 557 2720 Aeneam
582 2648 650 2699 lact.
669 2647 712 2701 39.
730 2648 771 2710 ll,
790 2647 833 2701 36.
849 2650 873 2713 1,
890 2647 933 2702 37.
947 2647 972 2709 8,
1001 2660 1063 2698 cnm
1085 2642 1220 2698 Homerus
1248 2643 1325 2697 dicat
1343 2640 1453 2711 ἀντιὰω,
1481 2644 1572 2699 Attici

286 2738 378 2789 autom
401 2736 550 2805 scriptores
578 2735 714 2803 ἕναντιόω,
743 2735 816 2805 qnod
835 2735 1015 2805 compositum
1033 2749 1088 2788 non
1108 2735 1150 2787 est
1169 2733 1246 2787 verbi
1264 2728 1373 2800 ἀντιόω,
1402 2733 1450 2787 sed
1470 2732 1504 2787 ab
1523 2732 1572 2787 ad·

285 2823 387 2880 iectiro
404 2828 524 2886 ἐναντὶος
541 2824 654 2879 ductum
673 2828 723 2893 est,
750 2827 782 2879 ut
801 2823 835 2878 ab
854 2824 992 2880 adiectiro
1015 2823 1108 2885 ἀντίος
1126 2822 1235 2877 clutorio
1258 2826 1287 2876 ot
1305 2823 1412 2889 ἀντιόω,
1437 2822 1509 2876 undo
1528 2838 1571 2876 se-

287 2914 390 2983 qnitur,
417 2915 449 2968 ut
472 2908 574 2970 ἀντιόω
598 2930 653 2969 non
676 2914 736 2968 sino
754 2914 814 2968 veri
833 2914 950 2985 quadam
975 2913 1067 2983 specio
1090 2912 1165 2967 inter
1187 2912 1272 2966 verba
1295 2912 1391 2965 Ionica
1417 2911 1572 2981 putandum

286 3002 331 3057 sit.
382 3000 412 3055 Si
439 3006 530 3057 autem
563 3003 677 3075 simplex
711 3003 856 3074 compositi
889 3003 966 3058 verbi
1001 2997 1143 3059 ἰν-ανιιόω
1177 3001 1324 3069 iudicares,
1359 3002 1433 3055 inter
1461 3001 1571 3055 Atticas

285 3106 369 3145 voces
389 3107 512 3161 poneres.
