3475 5250
683 323 927 386 -113-

267 502 357 568 Haec
373 500 545 566 habuimus
570 500 609 566 de
633 500 782 583 Aeschyli
807 501 938 566 vocibus
955 499 1126 579 Siceliotis‚
1151 519 1234 582 qnae
1250 500 1439 570 diceremus.

159 610 243 676 Sunt
265 613 384 690 autem,
408 613 446 674 nt
468 607 559 674 brevi
583 607 903 691 comprehendamus,
930 607 1009 673 haec
1033 606 1179 687 maxime,
1204 609 1345 691 quaein
1369 628 1439 674 sns-

158 718 318 800 picioncm
342 715 520 783 Siciliensis
544 714 678 797 originis
706 720 864 782 venerunt
892 710 1097 798 ἀσχέδωρος,
1125 711 1261 799 βουνός,
1291 716 1439 800 κυόάζω,

156 824 286 908 θοάζω,
310 825 343 889 ct
360 823 439 910 μήν,
462 819 595 904 θῶμαι,
619 817 795 906 ὀβρίιιαλα,
819 818 1024 904 βαθυχαῖος,
1048 820 1189 888 tortasse
1211 820 1333 905 λὲααςς
1359 844 1440 909 qnas

156 933 185 1000 si
207 932 267 1000 sub
294 951 358 998 unc
388 931 562 1012 conspectu
586 928 734 1011 collocer,
771 913 967 996 concedatur
999 926 1145 1012 prolecto
1176 949 1241 1015 eas,
1277 951 1358 1016 quas
1381 952 1439 1014 pu-

155 1046 263 1107 tamus
292 1045 326 1107 et
349 1040 382 1104 in
412 1039 484 1120 ipsa
508 1037 646 1104 Graecia
669 1055 780 1103 omnes
810 1035 907 1120 plane
935 1036 1065 1119 ignotas
1094 1042 1129 1104 et
1150 1036 1438 1123 ylooocypocccclg

155 1149 256 1215 luisse
280 1153 314 1214 et
337 1145 538 1231 gravissimis
560 1145 756 1212 testimoniis
772 1144 935 1212 Siceliotis
960 1145 1031 1210 dari
1055 1164 1160 1229 neque
1183 1145 1224 1213 oh
1248 1147 1438 1230 imprudens

81 1295 84 1312 ι
160 1254 319 1321 Athenaei
354 1255 473 1320 dictum
509 1251 688 1336 quamlibet
722 1270 832 1319 vocem
861 1252 925 1319 nisi
955 1253 1154 1335 gravissimis
1183 1254 1223 1320 dc
1255 1255 1360 1320 causis
1396 1257 1438 1320 ad.

158 1363 358 1430 Siciliensem
387 1361 547 1442 originem
569 1379 722 1426 revocare
750 1361 858 1427 licere.
907 1359 1020 1443 Neque
1051 1360 1135 1428 enim
1164 1380 1276 1427 verum
1310 1368 1361 1429 est
1384 1359 1438 1428 dcc

157 1468 306 1550 πολλαῖς
328 1469 488 1551 κέχρηται
521 1471 658 1551 φωναῖς
681 1464 873 1548 Σικελικαῖς
895 1472 1010 1550 poeta3
1047 1487 1122 1534 nam
1151 1469 1290 1550 vestigia
1314 1470 1365 1536 vel
1389 1470 1438 1535 in·

158 1578 298 1644 certiora
322 1575 511 1658 colligentes
534 1573 608 1657 plus
637 1592 751 1639 novem
776 1573 875 1640 verba
898 1593 962 1641 non
986 1576 1158 1658 coegimus,
1197 1575 1314 1660 quibus
1336 1596 1437 1643 unum

157 1691 191 1752 et
217 1685 354 1752 alterurn
391 1681 492 1748 addas
528 1701 567 1745 ex
599 1699 771 1747 numerosa
806 1700 918 1748 vocum
948 1682 1097 1766 Aeschyli
1133 1683 1303 1750 dubiarum
1332 1685 1434 1768 copia.

130 1858 132 1863 .
156 1795 258 1872 Quam
281 1789 556 1872 computationem
582 1807 646 1855 non
670 1787 844 1871 perturbes
869 1789 1068 1874 contendens
1091 1789 1279 1857 siceliotam
1303 1810 1435 1858 consue·

156 1900 299 1966 tudinem
323 1896 462 1962 maxima
486 1914 525 1961 cx
547 1901 642 1978 porte
667 1895 759 1962 nobis
783 1895 913 1979 quidem
937 1899 1083 1979 ignotam
1107 1915 1190 1967 esse.

261 2004 298 2070 ld
320 2009 428 2070 autem
445 2004 560 2069 mirum
576 2023 639 2070 non
658 2008 709 2070 est
730 2022 855 2071 omnem
880 2003 948 2071 fero
971 2024 1081 2072 rocem
1106 2006 1146 2071 ub
1162 2005 1321 2089 Aeschylo
1344 2026 1436 2071 usur·

155 2117 265 2196 palam
288 2112 393 2195 repeti
418 2129 437 2176 a
460 2112 577 2178 ceteris
601 2111 735 2194 tragicis
760 2112 877 2194 poetis,
908 2114 1046 2182 maxime
1070 2133 1089 2179 a
1112 2113 1271 2197 Sophocle
1279 2135 1290 2196 ,·
1326 2118 1435 2181 tamen

153 2224 215 2287 hoc
238 2220 466 2287 Siceliotornm
490 2238 604 2286 vonum
627 2238 728 2304 genus
753 2220 856 2303 magis
881 2220 1041 2305 Aeschylo
1066 2222 1233 2304 proprium
1256 2220 1328 2289 luit.
