3475 5250
808 323 1032 389 ...80-

281 484 452 588 φοραῖσί
479 522 539 583 μοι
561 499 708 583 55556ος
731 499 827 586 ἕρπει
843 499 995 583 δάκρυον
1012 499 1179 583 ὀμμάτων
1203 499 1282 566 aar.
1328 501 1441 584 Neque
1466 502 1564 567 etiam

279 611 452 694 Euripides
476 610 560 675 hune
585 627 676 674 usum
693 608 788 691 fugit,
813 629 885 674 cunr
902 611 1026 677 diceret
1041 610 1109 675 Alc.
1130 612 1214 674 1155
1231 610 1317 676 trim.
1344 608 1401 674 ἐπ’
1420 607 1568 690 ἐσθλοῖς

281 722 577 802 συμφοραῖσιν,
602 716 672 785 Ion.
699 719 764 782 536
788 718 892 784 155515.
918 721 1146 800 συμφορᾶς
1169 718 1262 798 σίνος
1285 721 1447 800 coeddam

387 825 547 892 1155511115
565 817 653 892 certe
669 825 783 891 Ionum
801 827 999 892 consuetudo
1024 826 1195 906 consentit,
1221 826 1313 892 euius
1330 826 1378 892 rei
1395 827 1491 893 testis
1515 831 1567 892 est

280 934 490 1018 gravissimus
514 932 711 1007 Herodotus,
742 951 814 998 cum
838 934 928 1000 dicat
950 933 1022 999 VII.
1046 936 1089 998 49
1120 935 1155 999 cl
1179 934 1392 1016 συμφοραὶ
1414 936 1486 999 τῶν
1510 933 1567 999 ἀν-

280 1039 439 1123 θρώπων
464 1037 685 1123 ἄρχουσικαὶ
709 1039 785 1106 οὐκὶ
809 1038 1001 1123 ὥνθρωποι
1031 1045 1103 1106 τῶν
1127 1041 1375 1124 συμφορέων
1398 1041 1449 1108 551
1472 1043 1498 1105 Ι.
1524 1043 1567 1107 32

281 1147 374 1215 οὕτω
398 1147 448 1214 ὧν
471 1151 542 1213 πᾶν
566 1147 637 1213 ἐσσι
662 1145 853 1233 ἅνθρωπος
877 1149 1050 1232 συμφορή,
1077 1150 1161 1233 quod
1186 1151 1286 1214 vertit
1302 1149 1568 1233 Schweighiuser

280 1257 449 1338 „omnibus
474 1257 578 1324 modis
612 1257 708 1323 homo
731 1256 882 1324 fortunae
919 1257 1046 1324 casibus
1075 1257 1234 1322 obnoxius
1258 1257 1341 1323 est.“
1388 1257 1425 1323 15
1449 1258 1567 1323 malam

281 1371 390 1430 autem
413 1370 540 1447 partem
556 1384 618 1431 vox
634 1383 693 1447 per
711 1383 746 1431 se
770 1366 876 1431 media
891 1365 1031 1431 55511155
1055 1385 1117 1431 555
1141 1365 1212 1431 5155
1234 1365 1383 1447 55555115
1408 1365 1567 1431 adiectivo

281 1473 307 1540 I.
332 1475 372 1537 41
400 1476 562 1557 συμφορῇ
581 1471 723 1560 ἀχάριτι,
751 1473 935 1540 5155111111.
962 1474 1016 1554 88,
1044 1475 1117 1538 190.
1162 1474 1340 1539 Praeterea
1357 1479 1390 1540 et
1413 1474 1441 1540 is
1458 1492 1568 1540 vocem

278 1581 321 1648 ,de
346 1581 532 1648 calamitate
556 1580 687 1663 saepius
709 1587 856 1664 usurpat.
902 1581 948 1646 At
977 1600 1018 1646 ne
1043 1582 1098 1664 qui
1121 1580 1205 1647 sorte
1230 1583 1404 1648 contendat
1426 1583 1569 1662 tragicos

282 1695 395 1770 poetas
419 1688 481 1754 hac
503 1690 537 1753 in
561 1707 597 1754 re
622 1689 661 1754 ab
686 1689 818 1756 Ionibus
842 1689 995 1772 pendere,
1021 1689 1161 1771 uestigia
1184 1690 1337 1772 quamvis.
1355 1689 1471 1771 exigua
1494 1708 1570 1755 con·

283 1797 451 1880 gessimus,
476 1795 592 1879 quibus
617 1798 844 1880 comprobetur
867 1797 953 1863 hunc
974 1815 1070 1863 usum
1093 1797 1135 1862 ab
1151 1797 1404 1866 Atheniensibus
1427 1797 1569 1862 alienum

283 1924 347 1970 non
372 1903 481 1970 fuisse.
530 1905 671 1984 Quorum
708 1906 900 1986 gravissima
925 1905 1159 1989 Aristophanes
1188 1906 1343 1988 55555511,
1379 1925 1474 1988 quem
1498 1924 1569 1972 cum

283 2031 465 2080 sermonem
507 2013 666 2092 tragicum
704 2032 769 2078 non
804 2013 922 2080 illudat
962 2031 1068 2097 neque
1091 2013 1220 2095 poetice
1259 2013 1422 2096 loquatur,
1461 2032 1570 2079 merae

283 2120 428 2186 Atthidis
464 2125 582 2186 testem
617 2139 689 2188 esse
713 2139 903 2202 persuasum
938 2121 1096 2188 habemus
1126 2140 1198 2204 equ.
1224 2122 1399 2187 65515155.
1437 2117 1569 2203 ἄνδρες,

284 2225 350 2311 ἤδη
378 2248 438 2310 μοι
473 2225 569 2293 δοκεῖ
602 2226 658 2292 ἐπὶ
686 2233 924 2312 συμφοραῖς
959 2227 1145 2311 ἀγοῦσῖσιν
1168 2227 1441 2311 εἰσηγγελμέναις
1477 2227 1572 2310 etap-

284 2333 378 2419 γέλια
401 2333 502 2402 odero
526 2334 650 2402 ἐκοσόν
677 2334 763 2419 βοῦς
790 2341 832 2419 τῇ
856 2334 942 2419 θεῷ,
979 2337 1077 2403 schol.
1114 2337 1221 2420 μέσον
1245 2334 1283 2401 de
1307 2334 1417 2419 droun
1440 2335 1463 2418 ἡ
1489 2354 1570 2417 συμ-

285 2443 378 2526 φορά
401 2494 407 2509 .
427 2496 434 2513 .
457 2445 530 2527 Lys.
558 2446 644 2509 1276
679 2445 766 2510 trim.
803 2443 863 2508 ἐπ’
903 2442 1053 2526 ἀγαθαῖς
1093 2447 1333 2529 συμφοραῖς.
1394 2444 1571 2510 Ρ55515555

285 2552 486 2637 Thucydides
519 2553 619 2619 semel
643 2552 668 2616 Ι.
695 2555 758 2618 140
795 2552 879 2617 15555
904 2553 1078 2619 dictionem
1094 2553 1275 2635 usurpavit,
1311 2550 1401 2636 πρὸς
1436 2550 1474 2617 de
1507 2549 1572 2633 σὰς

284 2656 464 2743 ξυμφορὰς
499 2661 556 2725 καὶ
591 2658 655 2740 σὰς
683 2660 823 2743 γνώμας
859 2662 1093 2743 τρεπομένους
1127 2662 1168 2727 (15
1203 2663 1253 2741 115,
1289 2662 1344 2744 qui
1374 2662 1570 2728 sententiam

287 2767 422 2833 cuilibet
446 2768 762 2850 555515150551551,
788 2767 1003 2836 5555151155
1021 2769 1114 2835 Plato
1130 2769 1228 2853 Legg.
1246 2770 1300 2849 IV,
1317 2771 1425 2851 1091,
1450 2788 1513 2851 quo
1538 2768 1570 2832 in

285 2874 369 2940 libro
406 2895 480 2941 eum
506 2876 687 2943 obsoletum
723 2895 906 2943 sermonem
929 2878 1052 2944 imitari
1075 2883 1187 2945 notum
1212 2883 1272 2952 est,
1308 2877 1408 2959 τύχαι
1444 2874 1482 2940 δὲ
1515 2875 1573 2941 καὶ

286 2979 459 3065 ξυμφοραὶ
481 2988 654 3049 πουσοῖαυ
678 2985 866 3049 πίπτουσαι
890 2986 1083 3065 παντοίως.-

803 3250 1053 3322 ΕΠΙΣΤΟΛΗ.

395 3432 454 3498 Η15
494 3433 599 3499 tribus
634 3433 776 3515 vocibus,
813 3452 894 3517 quas
929 3452 1027 3501 sensu
1062 3433 1238 3515 originario
1286 3432 1412 3516 priscas
1446 3433 1573 3501 Atticas

289 3538 389 3606 luisse
414 3560 486 3629 5555
509 3561 568 3624 per
591 3560 626 3607 55
651 3542 684 3607 15
709 3542 869 3624 5555151),
894 3548 964 3607 tum
983 3542 1180 3609 testimoniis
1203 3542 1467 3624 locupletissimis
1491 3560 1576 3608 corn·

288 3649 463 3729 probatum
488 3655 547 3732 est,
573 3650 778 3734 adiungimus
802 3651 895 3734 alias,
920 3652 960 3716 de
985 3651 1112 3734 quibus,
1137 3651 1200 3717 etsi
1223 3669 1276 3717 res
1293 3642 1490 3733 implicatior
1513 3656 1575 3733 551,

289 3756 387 3823 511155
410 3757 554 3825 iudicare
577 3777 642 3825 non
665 3758 750 3826 licet.

293 3902 508 3913 m

398 3990 422 4060 ¹)
440 3990 483 4045 Ne
503 3990 564 4061 quis
583 3994 663 4060 putet
686 4006 737 4045 nos
757 3990 958 4061 omniassrerba,
987 4004 1057 4060 quae
1076 3990 1196 4060 speciem
1215 3988 1361 4046 5515515115
1389 4004 1455 4059 prae
1474 4006 1504 4044 55
1523 3988 1576 4045 ier·

289 4082 360 4147 5551,
379 4080 453 4135 15155
471 4081 577 4149 priscas
600 4080 705 4135 Atticas
725 4080 859 4150 posuisse,
887 4078 1004 4149 exempli
1022 4080 1115 4147 gratia
1133 4079 1250 4133 duorum
1267 4080 1433 4133 mentionem
1452 4078 1576 4143 facimus,

291 4169 443 4239 dequibus
471 4169 553 4223 alitor
580 4169 718 4224 iudicetur
737 4172 855 4238 oportet.
892 4169 933 4223 Ac
952 4169 1069 4239 primum
1096 4168 1208 4239 quidem
1228 4172 1271 4223 551
1288 4168 1402 4223 verbum
1431 4166 1577 4234 ἧἝλλάς

291 4259 422 4313 adiectivi
441 4258 643 4329 significatione
662 4261 837 4313 instructum.
874 4259 962 4313 Nemo
986 4262 1061 4313 55515
1080 4262 1131 4329 551,
1149 4260 1217 4330 quin
1235 4259 1307 4313 sciat
1331 4258 1381 4313 hes
1400 4258 1577 4314 formationes

290 4350 319 4402 in
341 4350 384 4409 -ἁς
402 4354 439 4409 -lc
459 4349 608 4417 originarie
627 4348 873 4419 151555501551155,
892 4348 1015 4403 5515115
1033 4348 1104 4404 hanc
1124 4349 1233 4403 modum
1251 4349 1341 4419 poetis
1354 4348 1577 4419 frequentissime

293 4436 410 4493 15555515
428 4440 493 4492 5551
512 4437 652 4507 feminine,
682 4436 715 4493 51.
737 4437 816 4508 Ρ5ρ11
834 4436 943 4493 lexicon
962 4438 1174 4509 etymologicum
1202 4456 1229 4509 p.
1248 4441 1326 4495 aba
1347 4437 1437 4504 Quare
1455 4456 1511 4493 non
1530 4439 1578 4493 du-

291 4526 367 4580 bium
385 4527 496 4581 ridetur
519 4544 578 4582 esse
598 4527 766 4598 Aeschylum
794 4527 1015 4599 (51.11111511511
1042 4546 1068 4599 p.
1089 4531 1132 4593 30,
1160 4528 1264 4583 Dioner
1292 4546 1318 4599 p.
1338 4532 1382 4597 43,
1409 4527 1578 4583 Rutherford

291 4633 318 4687 p.
338 4617 384 4685 al)
403 4616 522 4685 priscam
543 4619 770 4673 consuetudinem
799 4635 933 4683 servasse,
961 4636 1022 4675 cum
1049 4620 1155 4674 diceret
1173 4619 1287 4676 Perat
1316 4635 1394 4689 anap.
1418 4615 1535 4673 Ἑλλάδ’
1554 4624 1578 4682 ἐς
