3475 5250
703 376 926 440 ...51-

167 553 213 620 II.
240 556 291 620 60.
319 554 571 636 t,Pap.Ber01.
598 553 640 618 ΙΙ.
668 557 743 619 617.
769 557 799 637 3,
825 555 918 622 Amh.
943 555 1020 638 Pap.
1045 554 1087 620 11.
1115 557 1189 622 119.
1214 559 1245 636 4,
1269 555 1390 639 Foyhm
1417 557 1453 622 Τ.

170 664 227 728 58.
253 666 283 743 i,
309 664 339 746 9,
365 664 417 729 59.
443 662 475 742 3,
502 663 532 730 5.
557 662 679 740 Quibus
700 663 780 728 locis
805 668 967 730 textorum
996 663 1156 728 tributum
1181 669 1232 729 est
1254 663 1455 747 aliorumque

168 767 332 852 opificum,
369 768 407 836 ci.
435 767 580 836 Greuiell
605 775 638 836 et
660 770 762 852 Hunt,
798 771 920 855 Faytrm
955 777 1058 837 towns
1081 792 1113 855 p.
1142 774 1203 836 187
1240 777 1274 838 ει
1297 771 1454 853 Wilcken,

168 884 250 946 ostr.
277 879 333 945 Gr.
357 879 382 960 1,
407 898 439 961 p.
465 880 540 959 321,
565 879 621 961 qui
644 879 832 946 testimonia
854 879 944 946 uocis
968 898 1007 944 ex
1030 879 1168 946 ostracis
1192 879 1366 962 congessit.

281 987 427 1070 Denique
462 987 620 1053 accedunt
656 988 938 1070 grammaticorum
975 987 1172 1067 testimonia,
1208 987 1262 1069 qui
1298 1006 1361 1052 uno
1399 1006 1456 1052 ore

167 1112 282 1161 vocem
317 1095 502 1177 repudiant.
549 1095 663 1162 Pollux
690 1095 715 1160 Ι.
750 1098 792 1161 50
820 1093 860 1160 τὸ
895 1093 957 1177 γὰρ
989 1094 1249 1177 χειρογάστορες
1277 1090 1456 1174 Ἑκαταῖος

169 1200 301 1284 λεγέτω
325 1203 383 1267 καὶ
405 1200 445 1268 τό
477 1202 706 1285 χειρώνακτες
734 1200 909 1285 Ἡροδότῳ
945 1199 1117 1268 δεδόσύω.
1165 1200 1243 1269 Sim.
1267 1201 1337 1268 VII.
1364 1205 1382 1265 i
1411 1199 1456 1266 τὰ
1555 1283 1558 1292 .

169 1307 237 1392 γὰρ
262 1359 270 1374 .
296 1360 304 1374 .
326 1307 496 1393 χειρῶναξ
516 1311 573 1376 καί
598 1359 605 1375 .
631 1357 639 1376 .
662 1308 768 1393 ἦττον
792 1308 835 1375 ἄν
858 1327 909 1391 τις
931 1316 1104 1393 ιιροσεῖτο.
1151 1309 1270 1393 Phryu.
1295 1310 1328 1373 in
1352 1309 1454 1377 Beldr.

170 1418 285 1484 anecd.
320 1438 353 1500 p.
379 1422 429 1484 72.
460 1421 499 1482 14
532 1415 707 1501 χειρῶναξ·
731 1416 822 1483 πολύ
856 1418 921 1500 μδν
954 1417 995 1484 τό
1014 1414 1191 1501 χειρῶναξ,
1227 1415 1267 1482 τδ
1303 1414 1332 1481 δ’
1356 1415 1456 1499 ἔργον

170 1524 236 1607 ούχ
260 1523 373 1605 οὕτως
395 1523 461 1590 κᾶν
484 1522 655 1607 Αἰσχύλος
679 1521 821 1607 δόκιμον
843 1529 926 1608 ποιῇ
954 1525 1018 1609 τὴν
1043 1526 1175 1608 φωνήν,
1206 1525 1292 1608 ρεαδ
1316 1524 1368 1589 vix
1391 1526 1456 1608 sig·

169 1631 284 1699 nificat
304 1630 474 1716 χειρῶναξ
495 1633 637 1698 scrihere
660 1633 769 1714 licere,
791 1631 995 1715 χειρωναξία
1010 1639 1119 1699 autem
1134 1634 1268 1716 vulgare
1292 1650 1374 1714 esse,
1398 1633 1455 1697 sed

168 1742 258 1824 quod
282 1742 363 1807 Poll.
388 1741 427 1807 X.
456 1742 519 1806 180
543 1741 625 1806 dixit
648 1738 760 1823 τιολλὴ
784 1739 806 1822 ἡ
828 1743 958 1822 χρῆσις,
994 1747 1031 1806 ut
1053 1760 1165 1807 rocem
1194 1739 1360 1822 vulgarem
1384 1756 1456 1804 esse

171 1850 305 1933 indicet,
329 1850 416 1915 idem
440 1849 528 1914 ualet
550 1846 591 1912 τό
613 1847 705 1914 πολύ
728 1849 802 1932 μέν.

278 1959 347 2022 Iam
370 1956 481 2024 uidere
515 1957 592 2022 licet
613 1953 782 2039 χειρῶναξ
803 1955 938 2038 eiusque
972 1955 1121 2021 derivata
1148 1955 1182 2020 in
1212 1973 1273 2021 usu
1296 1953 1397 2021 tuisse
1421 1961 1456 2021 et

168 2065 258 2147 apud
280 2065 376 2131 Iones
412 2070 445 2132 et
468 2066 501 2131 in
530 2064 700 2146 tragoedia
735 2069 768 2129 et
791 2064 824 2128 in
850 2064 1010 2129 communi
1044 2063 1165 2147 lingue,
1202 2063 1455 2131 Atheniensibus

168 2193 247 2239 vero
273 2173 445 2255 poetisque
468 2173 701 2240 uetustioribus
725 2190 788 2237 uon
812 2172 917 2237 solum
941 2173 1053 2253 ignota
1077 2177 1137 2250 est,
1168 2172 1226 2245 sed
1250 2191 1290 2238 ne
1313 2191 1455 2255 uuquam

169 2282 301 2364 quidem
324 2281 390 2346 illis
425 2281 459 2346 in
483 2298 544 2346 usu
566 2278 667 2346 inisse
691 2299 729 2345 eo
755 2280 995 2363 comprobatur,
1031 2279 1117 2361 quod
1144 2280 1262 2362 tragici
1286 2285 1319 2345 et
1342 2299 1455 2345 recen·

168 2390 270 2455 tiores
288 2389 464 2472 scriptores
480 2408 591 2456 uocem
607 2409 671 2454 non
690 2388 853 2470 exhibent,
879 2389 943 2455 nisi
960 2388 1072 2454 eodem
1095 2407 1193 2454 seusu
1209 2388 1304 2469 plane
1320 2388 1452 2471 detrito,

169 2515 266 2580 quem
301 2497 388 2579 apud
412 2497 507 2562 Iones
543 2502 723 2580 acceperut.
771 2493 985 2578 *χειρσ-αναξ
1006 2496 1091 2562 enim
1116 2497 1156 2560 ab
1180 2496 1307 2577 origine
1333 2500 1384 2560 εει
1411 2495 1451 2573 is,

168 2604 225 2689 qui
248 2623 401 2671 munuum
426 2622 556 2671 suarum
574 2623 704 2688 compos
729 2609 789 2688 εει,
815 2611 993 2686 usurpetur
1008 2608 1118 2669 autem
1143 2603 1183 2669 de
1207 2621 1256 2684 eo,
1281 2621 1376 2686 quem
1392 2621 1452 2669 nos

167 2714 306 2779 dicimus
323 2712 599 2793 ,Hendwerher“.
647 2714 693 2778 Ac
717 2730 757 2777 ne
782 2714 854 2795 quis
870 2711 1009 2777 miretur
1024 2710 1184 2777 medicum
1208 2711 1317 2776 uocari
1332 2710 1451 2793 χειρώ-

166 2840 287 2903 νακτα,
311 2840 435 2887 memor
458 2821 503 2888 sit
523 2820 747 2902 χειρουργίας,
772 2837 835 2901 quo
852 2820 981 2885 nomine
998 2824 1108 2886 aetate
1132 2819 1313 2885 recentiore
1338 2820 1451 2885 eudem

169 2948 224 2996 ers
249 2934 347 2995 autea
367 2924 571 3011 χειρωναξία
594 2925 761 3009 appellata
784 2933 902 2994 vocate
925 2933 984 2994 est.

276 3036 419 3117 Accedit,
455 3036 541 3119 quod
570 3032 696 3100 forme
730 3034 818 3101 vocis
854 3036 963 3101 Attiou
997 3054 1061 3101 uon
1096 3035 1226 3101 uidetur
1261 3052 1342 3116 esse,
1378 3054 1452 3100 nam

167 3141 386 3238 *xerpofdoag
405 3167 429 3233 f
452 3143 585 3225 expulso
610 3147 811 3209 contractum
836 3148 887 3209 est
910 3144 944 3209 in
965 3140 1142 3226 χειρῶναξ,
1167 3141 1205 3209 ci.
1232 3142 1451 3224 Kretschmer,

167 3251 397 3320 Vaseninschr.
437 3271 469 3333 p.
497 3252 614 3333 143ερ.
660 3251 751 3317 uelut
790 3250 1005 3318 Athenienses
1046 3250 1305 3334 pronuntiabunt
1340 3250 1450 3333 χοάνη

166 3358 224 3444 *χο
225 3362 326 3455 γόνῳ,
351 3362 447 3426 Ιοοεε
468 3357 576 3441 χῶνη,
600 3358 674 3425 vide
698 3359 831 3441 Μοεοὶε,
855 3379 887 3441 p.
916 3361 975 3424 101
1000 3358 1096 3440 χῶνη
1126 3355 1328 3440 Ἑλληνιστί.

694 3622 928 3693 ΑΡΧΗΘΕΝ.

284 3802 323 3867 ci.
350 3803 505 3871 Wtekind
530 3825 562 3888 p.
588 3808 641 3887 50,
666 3803 864 3872 Rutheriord
889 3825 921 3871 n.
946 3804 1065 3887 Phryn.
1090 3824 1119 3887 p.
1148 3808 1188 3871 21
1215 3811 1249 3873 et
1276 3809 1350 3872 177.

274 3910 387 3979 Aesch.
413 3910 474 3995 irg.
500 3916 575 3993 416,
613 3911 763 3979 haustum
798 3931 839 3978 ex
862 3930 1029 3994 σοναγωγ.
1062 3910 1128 3995 λέξ.
1156 3934 1252 3997 χρης.
1287 3916 1321 3980 in
1345 3914 1447 3980 Bekh.

166 4017 277 4082 anecd.
312 4038 343 4100 p.
368 4022 491 4084 4504
527 4018 710 4103 όρχῆύεν
734 4018 797 4085 ούκ
820 4018 892 4086 ἔστι
925 4018 1021 4103 παρὰ
1056 4025 1131 4102 τοῖς
1159 4018 1322 4103 Ἀττικοῖς
1356 4019 1448 4104 πλὴν

165 4122 253 4207 παρ’
270 4122 439 4209 Αἰσχύλῳ·
474 4125 563 4211 παρ’
591 4124 765 4211 Ἡροδότῳ
802 4125 839 4192 δὲ
867 4126 938 4194 ἔστι
972 4130 1029 4195 καί
1062 4134 1137 4210 τοῖς
1170 4126 1269 4194 Ἴωσι.
1315 4130 1448 4196 Accedit

165 4230 335 4315 Sophoclis
370 4234 431 4319 frg.
460 4237 571 4302 lune
607 4238 694 4302 trim.
719 4238 806 4319 apud
821 4237 961 4322 Hesych.
987 4258 1012 4304 s.
1029 4258 1057 4306 r.
1082 4236 1241 4320 cooperor»
1262 4238 1357 4304 valde
1379 4256 1449 4303 cor-

167 4345 299 4423 ruptum
323 4339 480 4425 βρότειον
504 4342 697 4426 ἀρχῆδεν
720 4346 828 4428 γέρος.
875 4345 1072 4429 ceteroquin
1107 4365 1168 4411 vox
1192 4346 1278 4427 opud
1302 4346 1446 4412 Atticum

166 4468 271 4532 neque
305 4456 432 4532 poetam
467 4471 528 4520 nec
562 4471 670 4517 rerum
706 4454 898 4537 scriptorem
931 4472 1036 4537 neque
1071 4458 1233 4519 oratorem
1271 4454 1446 4535 reperitur.

165 4556 286 4624 Contra
309 4559 481 4643 Pindarus
505 4560 657 4643 Aeschyli
680 4563 838 4645 aequalis
863 4580 902 4629 εε
926 4563 1029 4628 utitur
1054 4560 1112 4625 01..
1128 4559 1185 4642 IX,
1212 4560 1253 4623 55
1283 4559 1448 4643 πρόγονοι

164 4663 318 4749 ἀρχᾶδεν
360 4664 598 4748 Ἰαπετιονίδος
641 4667 776 4751 φύτλας
817 4673 950 4753 κούραις
1006 4669 1120 4736 Isthm.
1144 4668 1203 4734 111.
1240 4670 1283 4733 25
1318 4668 1386 4755 (IV.
1412 4670 1446 4753 i)

1233 4773 1268 4829 4*
