3475 5250
668 313 883 378 ...33-

144 501 214 563 tum
237 515 300 560 non
326 499 385 560 ost.
431 492 553 558 Herod.
578 492 631 558 IV.
660 495 720 558 131
753 489 853 558 οὐδέν
877 491 910 557 ol
932 484 1189 555 ἐπεστάλιλαι
1213 483 1299 553 ἄλλο
1321 482 1369 568 ῆ.
1390 533 1422 554 ..

143 603 247 680 „nihil
271 604 334 669 sihi
357 603 545 680 mandatum
570 619 642 668 esse
667 601 750 668 nisi.
767 651 774 668 .
790 606 831 681 .“‚
867 599 923 665 VL
948 599 979 679 3,
1004 599 1058 678 97,
1085 595 1154 661 VII.
1180 596 1243 660 223
1268 594 1365 662 simil.
1390 599 1424 659 et

142 710 197 778 IV.
219 712 259 776 10
276 713 338 793 τῆς
362 706 594 792 ἐπιστολῆς
617 708 837 792 μεμνημένην
853 706 971 790 αὐτήν,
995 704 1050 772 VI.
1076 706 1117 769 50
1143 700 1236 784 ἔλεγε
1257 704 1367 768 ταῦτα
1391 699 1428 782 ἐξ

143 815 364 899 ἐπιστολῆς
397 819 459 899 τῆς
492 815 711 903 Δημαρήτου,
751 835 812 894 „ex
852 814 1005 882 mandato
1041 811 1242 889 Demarati“,
1283 828 1348 876 non
1387 826 1427 873 ex

142 926 275 992 litteris.
323 924 444 991 Contra
461 921 651 991 ἐπιστέλλω
667 924 799 990 notione
815 923 924 989 media
940 925 1116 1003 usurpatur
1138 918 1196 985 Ill.
1220 919 1265 984 40
1289 916 1427 1000 γράψας

143 1034 192 1115 εἰς
214 1030 347 1116 βιβλίον
370 1029 453 1098 oddo
477 1030 693 1098 ἐπέστειλε
717 1031 753 1114 ἐς
776 1029 906 1114 Σάμον,
931 1031 966 1096 id
989 1036 1040 1094 est
1066 1047 1146 1111 „per
1161 1027 1290 1093 litteras
1308 1025 1426 1092 Samiis

143 1142 338 1224 nuntiavit“,
374 1140 431 1205 uhi
465 1141 498 1206 in
523 1147 639 1223 aperto
667 1145 718 1208 est
740 1139 943 1205 Herodotum
978 1137 1108 1203 litteras
1141 1152 1206 1200 non
1240 1133 1428 1216 appellasse

144 1247 342 1332 ἐπιστολήν,
376 1267 451 1314 nam
486 1268 549 1314 non
573 1249 679 1330 video,
716 1266 786 1313 oum
821 1265 886 1312 non
909 1242 1042 1328 βιβλίον
1071 1244 1150 1308 illud
1180 1242 1229 1307 ita
1251 1240 1425 1308 vocaverit.

145 1357 207 1422 Ubi
240 1355 401 1438 epistulae
425 1356 621 1422 mentionem
651 1355 755 1439 facit,¹
777 1374 846 1422 earn
871 1358 966 1420 vocat
989 1352 1129 1435 γράμμα
1163 1351 1215 1416 rel
1238 1348 1353 1432 γραφή
1377 1348 1429 1414 vel

144 1458 286 1528 δελτίον.
335 1462 470 1528 Accedit
492 1463 564 1528 VII.
592 1463 653 1528 139
680 1458 929 1528 ἐπέστειλαν
958 1459 1230 1543 „nuntiaverunt“
1260 1475 1304 1523 sc.
1328 1455 1429 1522 Lace·

144 1569 306 1637 daemonii
328 1570 463 1653 reliquis
488 1568 632 1650 Graecis,
657 1571 743 1653 quod
767 1571 963 1637 Demaratus
987 1570 1034 1636 eis
1057 1555 1243 1651 scripserat.

252 1678 347 1760 Apud
370 1677 586 1744 Athenienses
622 1679 685 1744 duo
711 1676 837 1744 Cratini
861 1677 1045 1759 fragmenta
1081 1676 1170 1742 dubii
1204 1673 1302 1756 plena
1336 1678 1425 1754 sunt,

143 1785 205 1870 frg.
231 1787 295 1851 285
321 1786 425 1868 (Koch
448 1785 473 1856 I.
500 1787 552 1858 96,
577 1785 712 1853 Moi.11.
739 1786 818 1868 231)
843 1781 948 1850 ἅκανε
971 1782 1075 1868 τήνδε
1101 1782 1165 1866 τήν
1189 1776 1428 1860 ἐπιστολήν.

143 1893 181 1959 Id
197 1894 250 1960 rix
266 1891 374 1958 differt
391 1893 431 1958 ab
449 1893 599 1975 Aeschyli
622 1891 684 1975 lrg.
710 1894 773 1958 293
799 1896 843 1975 (v.
868 1893 992 1975 supra),
1016 1894 1078 1958 etsi
1099 1892 1219 1957 nullam
1235 1887 1429 1954 imitationis

143 1996 384 2076 notamhabet;
410 2001 444 2062 et
459 1995 518 2077 lrg.
538 1998 604 2060 224
628 1997 735 2082 (Koch
757 1996 782 2062 I.
808 1997 862 2079 81,
886 1995 961 2062 Mei
987 1995 1028 2061 11.
1054 1997 1132 2075 142)
1156 1993 1327 2078 ἐπέθηκέν
1351 1994 1431 2059 ἐπι-

144 2101 308 2187 στολήν.
335 2090 444 2170 'Haec
468 2103 566 2169 verba
594 2122 654 2185 per
672 2123 707 2169 se
732 2103 884 2184 ambigua
907 2103 1158 2186 Harpocration,
1194 2104 1245 2170 cui
1269 2122 1309 2170 ea
1331 2102 1430 2170 dehe-

144 2231 226 2292 mus,
250 2213 412 2278 intellexit
436 2211 524 2278 velut
548 2210 716 2277 Demosth.
742 2211 794 2278 34,
813 2211 854 2275 28
883 2212 1063 2285 „commisit
1087 2211 1293 2294 epistulam“‚
1318 2230 1433 2294 quam-

145 2337 241 2402 quam
276 2325 386 2402 potest
422 2320 520 2384 etiarn
556 2317 741 2401 significare
774 2321 1022 2400 „mandatumffl
1079 2318 1282 2384 Perlucidior
1317 2325 1433 2385 autem·

146 2427 373 2510 Aristophanis
397 2425 486 2492 loeus
511 2431 562 2512 est
579 2426 658 2492 nub.
687 2427 750 2490 608
774 2425 878 2492 hoch.
909 2427 944 2501 in
967 2425 1081 2508 parab.
1104 2425 1126 2508 ῆ
1151 2422 1285 2508 Σελήνη
1306 2436 1429 2491 ’σνντοε

143 2528 240 2613 podo¹
277 2529 360 2613 ῆμῖν
385 2525 623 2614 ἐπξέστειλεν
659 2526 798 2611 φράσαι.
845 2529 952 2593 Etiam
978 2529 1179 2612 Thucydides
1215 2531 1263 2596 ita
1297 2532 1430 2599 verbum

146 2643 285 2720 usurpat
308 2638 396 2703 velut
419 2637 444 2704 l.
472 2640 512 2702 57
539 2634 750 2722 (Ἀθηναῖοι)
775 2634 1064 2703 ἐπιστέλλοοσι
1092 2644 1167 2719 ταῖς
1190 2636 1332 2723 ἄρχουσι
1360 2643 1432 2706 τῶν

147 2747 238 2810 νεῶν
252 2740 497 2810 Ποτιδαιατῶν
514 2764 551 2809 τε
575 2741 728 2826 ὁμήρους
750 2740 881 2826 λαβεῖν,
904 2744 992 2811 VIII.
1018 2746 1060 2810 72
1086 2742 1176 2812 ἄλλα
1198 2748 1232 2812 τ’
1259 2746 1431 2813 ἐπιστεί-

148 2851 297 2935 λσντες
319 2851 362 2918 τά
385 2852 563 2933 πρέποντα
587 2852 704 2931 εἰπεῖν,
740 2851 836 2919 simil.
860 2852 886 2919 1.
912 2854 964 2934 91,
1000 2852 1115 2933 1114,
1149 2853 1206 2921 IV.
1233 2856 1252 2920 8
1276 2852 1334 2941 (τά
1357 2853 1432 2920 ἐπε-

148 2957 346 3043 σταλμένα),
383 2960 421 3028 V.
453 2960 493 3025 37
511 2960 572 3027 his.
620 2958 742 3025 Contra
769 2961 959 3040 ,nuntiare“
994 2965 1046 3025 est
1081 2961 1152 3031 Vll.
1179 2964 1229 3043 14,
1264 2961 1353 3028 .VIII.
1378 2962 1439 3043 38,-

148 3070 203 3151 50,
227 3070 281 3151 99,
307 3070 458 3151 „mittere
475 3086 546 3133 curn
563 3068 735 3134 mandato“
761 3066 851 3135 116.
905 3064 1087 3152 Ἐπιστολή
1111 3088 1187 3136 vero
1204 3069 1291 3153 apud
1308 3068 1434 3152 Thucy·

148 3176 255 3241 didem
280 3195 438 3260 nusquam
473 3175 660 3242 mandatum
684 3180 744 3260 est,
781 3177 839 3243 sed
863 3175 1014 3259 epistula,
1042 3178 1090 3243 ita
1113 3182 1232 3259 tamen,
1263 3182 1299 3243 ut
1322 3182 1434 3245 vertas

148 3282 235 3351 VIII.
261 3286 303 3348 45
338 3285 568 3351 mandatum
591 3303 652 3366 per
674 3284 803 3351 litteras
832 3283 976 3368 missum,
1011 3283 1178 3366 1711133,
1204 3288 1244 3351 ol
1263 3285 1313 3352 hIs
1337 3304 1434 3351 nun·

148 3392 228 3456 tius
263 3411 321 3474 por
343 3392 472 3458 litteras
506 3393 657 3473 traditus,
693 3392 836 3475 alioquin
873 3400 924 3457 ter
948 3399 981 3457 et
1003 3392 1111 3459 decies
1136 3394 1323 3476 epistula.
1371 3392 1435 3457 Re·
1497 3464 1501 3474 ¹

149 3499 326 3564 santissimi
351 3500 490 3581 denique
514 3500 700 3581 scriptores,
737 3499 792 3581 qui
816 3500 957 3581 priscam
986 3500 1082 3566 huius
1107 3501 1219 3584 stirpis
1242 3499 1434 3587 significati·

150 3626 243 3672 onem
268 3607 430 3692 exhibent,
467 3614 542 3674 sunt
565 3607 659 3674 Plato
684 3614 717 3673 et
739 3607 931 3688 Xenophon.
978 3606 1122 3673 Primum
1146 3610 1275 3692 quidem
1301 3608 1434 3675 verbum

149 3714 245 3781 Plato
274 3716 378 3783 sexies
402 3716 535 3782 notione
567 3715 740 3782 mandandi
763 3731 911 3797 usurpat,
936 3715 1025 3781 velut
1047 3715 1169 3782 Phaed.
1200 3716 1294 3781 115Β
1330 3717 1364 3780 τί
1397 3711 1435 3779 δέ

150 3822 287 3903 τούτοις
309 3821 330 3906 ῆ
355 3823 431 3906 ἐμοὶ
454 3820 676 3903 ἐπιστέλλεις;
703 3824 771 3890 sim.
798 3822 878 3887 Tim.
905 3822 991 3899 711),
1016 3822 1153 3889 Phaedr.
1180 3824 1288 3905 278Β,
1313 3823 1435 3889 Phaed.

153 3932 259 4011 1163,
284 3931 381 4013 Soph.
408 3932 516 4011 2353,
541 3920 646 3997 Porta
662 3930 771 3997 3001).
822 3926 1005 4013 Ἐπιστολή
1030 3932 1069 3994 de
1093 3931 1212 3996 litteris
1251 3930 1338 4014 apud
1362 3950 1435 3998 eum

150 4057 215 4104 non
238 4039 358 4122 legitur
382 4045 513 4121 praeter
537 4038 666 4104 litteras
691 4038 828 4121 spurias,
865 4038 906 4103 de
929 4038 1084 4104 mandato
1114 4044 1223 4105 autern
1250 4038 1329 4104 Tim.
1356 4038 1434 4103 711)

151 4146 363 4229 μεμνημένοι
397 4145 460 4230 γὰρ
495 4149 557 4229 τῆς
591 4149 653 4211 τοῦ
684 4143 816 4229 πατρὸς
841 4142 1079 4230 ἐπιστολῆς,
1113 4146 1191 4214 crit.
1220 4146 1313 4213 1190
1347 4144 1437 4211 κατὰ

153 4250 382 4335 ἐπιστολάς
417 4250 479 4335 τὰς
506 4257 568 4319 τοῦ
595 4252 826 4336 Ποσειάῶνος.
873 4253 1056 4338 Utrumque
1086 4255 1191 4321 locum
1222 4255 1331 4336 potius
1360 4274 1437 4337 poe·

152 4361 237 4428 tioae
261 4380 357 4445 quam
382 4362 580 4429 cottidianae
605 4362 830 4428 consuetudini
857 4363 1027 4429 attribuas.
1075 4365 1186 4447 Atque
1210 4363 1436 4446 Xenophontis

146 4470 247 4551 copia
277 4470 459 4549 uerborum,
493 4478 531 4537 ut
566 4475 617 4536 est
640 4470 747 4552 ampla
783 4476 815 4536 et
839 4472 1021 4552 commixta,
1060 4469 1250 4537 ἐπιστέλλω
1279 4461 1445 4549 omnihus,¹

152 4568 233 4660 oues
262 4578 418 4659 novimus,
455 4576 748 4662 significationibus
785 4578 979 4646 instructum
1015 4578 1120 4663 offert,
1157 4580 1196 4647 cl.
1221 4568 1343 4647 Sturzii
1366 4579 1440 4659 len,

1243 4684 1277 4743 6*
