3475 5250
674 334 894 402 ..33-

130 513 242 580 Aliter
258 512 381 580 Pollux
396 515 424 581 I.
440 517 497 580 22:
522 511 675 580 ἐνταῦθα
699 511 736 578 δὲ
759 512 896 598 ἀσέβεια
917 515 975 580 καὶ
991 509 1172 598 ἀνοσιότης
1186 517 1243 581 καὶ
1259 512 1419 599 ὀλιγωρία

131 622 213 704 περὶ
247 621 292 686 τὸ
330 620 430 688 detor
459 621 516 687 nat
544 618 752 704 θεοβλάβεια
774 622 831 686 καὶ
854 620 1014 706 άβεότης,
1050 623 1162 690 eodem
1186 642 1283 691 seusu
1306 629 1420 706 postea

131 725 354 811 θεοβλαβής.
395 730 483 808 Quae
507 729 680 811 explicatio
704 748 743 794 ex
764 729 852 796 vocis
877 730 1071 813 etymologia
1092 729 1210 797 hausta
1234 737 1292 799 est.

243 837 323 902 Vox
338 833 534 919 θεοβλαβής
550 836 703 918 cuiusque
719 837 865 904 derivata
881 838 991 904 Ionica
1007 838 1179 904 iudicanda
1195 844 1271 904 sunt
1287 843 1421 921 propter

133 941 414 1025 significationem
448 945 654 1026 singularem,
690 944 753 1010 nisi
784 943 868 1010 forte
894 947 1006 1012 credas
1030 964 1068 1012 ea
1091 946 1242 1012 recedere
1266 949 1307 1012 ad
1331 952 1422 1012 retu·

133 1052 323 1117 stissimam
359 1055 510 1132 aetatem,
546 1071 629 1135 quae
662 1052 794 1118 Ionibus
818 1057 851 1118 et
874 1053 1124 1119 Atheniensibus
1149 1053 1325 1119 communis
1348 1052 1421 1120 fuit.

135 1160 238 1226 Iones
263 1178 348 1226 voce
364 1160 415 1226 usi
431 1164 517 1243 suut,
541 1159 718 1227 Aeschines
733 1166 841 1226 autern
859 1162 956 1227 etiam
973 1161 1038 1226 alia
1053 1161 1153 1228 rerba
1169 1159 1314 1244 praebet,
1340 1177 1422 1242 quae

137 1268 169 1332 in
185 1268 309 1334 Attica
324 1285 387 1334 non
405 1273 477 1333 orta
493 1285 564 1334 esse
580 1268 795 1334 demonstrari
810 1273 929 1354 potest,
951 1268 990 1335 cf.
1008 1270 1138 1352 ἱστορία
1153 1288 1185 1351 p.
1199 1271 1295 1350 30sq.
1314 1267 1421 1350 φερνή

135 1395 166 1455 p.
181 1376 240 1443 36.
281 1375 355 1440 Etsi
379 1374 466 1442 illius
490 1376 629 1442 oratoris
645 1380 753 1442 aetate
770 1377 801 1441 in
818 1394 997 1443 sermonem
1013 1376 1155 1443 Atticum
1171 1377 1312 1458 transiit,
1336 1376 1422 1457 apud

139 1482 342 1566 Aeschylum
376 1502 436 1549 vox
469 1483 521 1550 vel
555 1488 689 1566 propter
723 1503 906 1550 mensuram
940 1484 1050 1550 Ionica
1078 1489 1142 1550 est:
1178 1485 1314 1549 alteram
1338 1483 1423 1548 enim

140 1589 308 1672 syllabam
342 1596 419 1657 ante
453 1588 524 1673 -βλ
548 1591 682 1674 produci
705 1592 887 1658 Atticorum
908 1610 978 1665 mos
1001 1612 1065 1658 non
1089 1591 1160 1673 fuit,
1197 1590 1235 1657 cf.
1261 1591 1301 1656 de
1325 1590 1423 1666 Mass,

141 1697 222 1764 llus.
247 1699 356 1764 Rhen.
384 1700 479 1781 1903,
515 1719 546 1782 p.
564 1701 629 1764 270
642 1717 689 1781 sq.
719 1705 753 1764 et
782 1719 865 1782 quae
894 1700 1118 1766 adnotavimus
1147 1698 1189 1764 ad
1212 1716 1322 1766 vocem
1345 1695 1423 1762 deo·

139 1804 281 1887 πρόπος
307 1825 339 1887 p.
357 1807 410 1872 43.

690 2061 879 2133 ΠΑΛΟΣ.

252 2234 346 2300 Pers.
362 2235 425 2299 778
439 2235 532 2318 (770)
545 2235 631 2302 trim.
649 2232 780 2299 πάλου
797 2237 825 2299 c'
840 2234 981 2318 ἔπορσα;
999 2233 1087 2318 Sept.
1103 2236 1144 2300 55
1160 2232 1277 2316 πάλῳ
1294 2233 1423 2317 λοχώνς

146 2339 258 2406 eodem
284 2341 406 2407 sortis
430 2361 526 2408 sensu
551 2342 638 2425 Sept.
662 2345 725 2407 126
747 2341 839 2430 (119)
863 2344 895 2408 in
921 2344 1056 2424 cantico,
1091 2344 1126 2408 in
1156 2342 1308 2409 diverbiis
1332 2342 1423 2424 Sept.

146 2447 207 2511 377
226 2450 336 2531 (359),
363 2451 427 2515 458
444 2447 545 2535 (441),
570 2452 629 2532 Ag.
647 2451 711 2515 333
728 2448 829 2536 (320),
855 2451 945 2518 Eum.
964 2452 1017 2531 32,
1040 2452 1103 2514 742
1120 2448 1222 2536 (732),
1242 2451 1304 2514 753
1321 2447 1422 2534 (743).

146 2553 258 2639 Neque
285 2557 383 2622 aliter
406 2576 483 2625 voce
505 2558 555 2624 usi
579 2562 655 2624 suut
670 2557 845 2641 Sophocles
862 2561 937 2624 Ant.
951 2559 1014 2623 275
1031 2558 1115 2623 trim.
1134 2556 1245 2641 κάμὲ.
1264 2610 1270 2624 .
1289 2605 1296 2621 .
1313 2555 1426 2637 πάλος

146 2662 320 2749 κοβοιρεῖ,
348 2666 518 2748 Euripides
545 2666 672 2733 Heracl.
699 2668 773 2747 546,
802 2666 870 2732 Ιοο.
896 2669 971 2746 416,
1008 2664 1090 2750 [Iph.
1116 2666 1188 2730 Aul.
1214 2664 1312 2749 1151]
1337 2666 1423 2732 trim.

144 2771 215 2838 Tro.
248 2775 315 2839 263
340 2774 442 2856 chor.,
481 2775 670 2857 Lycophron
704 2775 754 2841 Al.
783 2774 883 2853 1154,
911 2775 1006 2837 1267.
1071 2773 1226 2839 Omnibus
1260 2771 1340 2838 locis
1376 2778 1426 2838 est

149 2896 229 2961 sors,
267 2900 365 2965 quam
390 2881 516 2965 Graeci,
552 2901 615 2948 non
641 2881 743 2947 solum
766 2880 877 2963 Attici,
912 2881 970 2945 sed
998 2880 1095 2946 etiam
1118 2879 1302 2947 Herodotus
1326 2880 1426 2962 tragi-

148 2986 240 3069 cique
264 2992 383 3071 poetae
402 2988 508 3055 solent
524 3007 638 3054 vocare
653 2984 789 3070 κλῆρος.
825 2987 895 3070 Iph.
912 2988 985 3053 Aul.
1006 2990 1101 3069 1151,
1125 2988 1257 3054 sirecte
1274 2989 1424 3068 traditur,

148 3097 339 3162 vertendum
364 3102 414 3163 cst
440 3097 634 3176 „vibratio“;
659 3103 735 3161 sunt
758 3095 842 3161 enim
866 3096 921 3177 qui
945 3096 1043 3161 scribi
1059 3095 1160 3161 velint
1174 3093 1270 3178 πέὸῳ
1286 3096 1336 3162 vel
1353 3097 1422 3161 sim.

254 3204 325 3270 Vox
360 3222 456 3269 sensu
489 3204 632 3269 indicato
667 3203 787 3286 legitur
811 3204 896 3285 apud
918 3202 1119 3269 Herodotum
1142 3203 1201 3269 Ill.
1220 3206 1274 3285 80,
1299 3205 1351 3272 lV.
1370 3207 1423 3285 94,

154 3308 230 3391 153;
256 3311 364 3377 ε11εοο
388 3316 438 3378 est
454 3312 494 3377 ab
512 3312 602 3394 epico
619 3316 653 3377 et
667 3312 775 3378 Attico
793 3330 950 3377 sermone.
985 3312 1080 3394 Apud
1096 3311 1292 3378 recentiores
1309 3314 1424 3392 poetas

152 3418 284 3498 repperi
299 3418 360 3500 Ap.
375 3416 436 3499 Rh,
459 3417 485 3482 Ι.
503 3418 568 3482 395
594 3422 627 3483 et
648 3417 703 3483 lc.
729 3418 816 3484 Sicil.
841 3417 915 3483 Ital.
943 3420 1038 3484 1832.
1064 3422 1083 3482 2
1108 3419 1226 3485 aetatis
1249 3418 1424 3483 Romanae.

257 3521 379 3605 Πάλος
406 3524 604 3609 primitivum
633 3530 684 3591 est
718 3525 955 3592 substantivum
989 3545 1010 3591 a
1040 3527 1143 3608 stirpe
1177 3525 1267 3592 verbi
1301 3521 1425 3590 πάλλω

157 3628 287 3708 ,111110ιι
319 3632 499 3699 formatum.
553 3632 645 3712 Quod
668 3632 800 3699 verbum
824 3633 1004 3699 Wittelrind
1027 3653 1059 3716 p.
1077 3635 1119 3697 42
1146 3632 1278 3699 Ionibus
1301 3632 1426 3714 tribuit,

155 3737 228 3816 quia
263 3740 384 3823 legitur
412 3741 496 3823 apud
520 3740 705 3820 Homerum,
734 3738 945 3822 Herodotum,
974 3740 1217 3824 Hippocratem,
1248 3758 1313 3804 non
1341 3740 1427 3821 apud

157 3841 278 3912 Atticos
303 3847 478 3930 scriptores
495 3846 532 3913 V.
551 3853 585 3912 et
599 3846 654 3913 IV.
680 3846 811 3913 saeculi.
856 3845 982 3912 Vereor
1004 3852 1113 3914 autem
1136 3866 1177 3913 ne
1200 3847 1328 3930 iniuria,
1352 3864 1426 3910 narn

155 3949 250 4034 stirps
266 3951 389 4020 πάλλω
407 3954 668 4037 indogermauica
688 3960 747 4034 est,
773 3954 834 4020 etsi
852 3954 892 4019 de
908 3954 976 4019 eius
992 3955 1169 4037 veriloquio
1186 3955 1362 4033 dubitatur,
1387 3951 1425 4018 cf.

155 4053 321 4143 Prellwitz,
340 4058 866 4141 ε1.711111ε11).πάλλω,πολτόν,
892 4058 1003 4141 πάλος
1024 4061 1080 4127 lat
1099 4061 1247 4137 evellere,
1273 4063 1313 4126 ai.
1331 4059 1429 4127 caleti

157 4165 316 4235 schwanht
339 4169 392 4254 (7).
440 4171 543 4238 Voces
572 4174 679 4236 autem
707 4169 830 4253 priscas
860 4168 1022 4235 obsoletas
1051 4169 1148 4251 plane
1172 4170 1363 4235 exclusimus
1387 4168 1428 4233 ob

159 4286 281 4341 causam
304 4295 404 4360 supra
428 4282 708 4343 commemoratam
732 4274 769 4341 cf.
792 4294 824 4359 p.
840 4278 891 4343 12.
931 4276 1092 4343 Ponamus
1117 4282 1223 4342 autem
1248 4273 1371 4343 πάλλω
1394 4276 1429 4342 iu

157 4381 320 4465 tragoedia
335 4386 479 4452 Atticum
503 4404 574 4452 esse
590 4387 732 4468 verbum,
757 4388 865 4450 tamen
881 4381 1002 4464 πάλος,
1027 4384 1103 4467 quia
1119 4388 1240 4451 sortem
1257 4382 1428 4465 significat,

159 4502 214 4553 vox
235 4490 343 4559 Ionica
366 4498 427 4561 est.
474 4493 551 4562 Sors
574 4493 623 4560 ita
645 4497 788 4572 uocatur,
813 4491 889 4575 quia
911 4511 1024 4558 urnam
1048 4493 1099 4558 vel
1123 4492 1248 4575 galeam
1272 4491 1428 4557 vibrando

160 4597 382 4684 sortiebantur,
414 4601 500 4684 quod
522 4601 597 4668 inde
619 4601 660 4667 ab
683 4605 793 4669 aetate
815 4599 949 4665 Homeri
978 4598 1050 4665 fieri
1077 4598 1213 4680 solebat,
1250 4598 1288 4666 ci.
1313 4596 1352 4662 H
1366 4599 1426 4663 171

213 4702 278 4757 ary,
292 4707 326 4747 no
340 4705 447 4760 narrum
461 4705 524 4759 apr.
537 4705 661 4751 versorum.
1235 4706 1252 4760 3
