3475 5250
828 287 1050 351 ..33-

307 469 377 532 τῶν
393 463 524 548 ίχύύων
539 465 595 529 καί
611 462 784 548 ἐξειρύσαι.
817 463 858 532 Il.
877 467 919 530 95
943 468 1013 546 ιιάς
1034 464 1120 549 ἀνὴρ
1137 464 1252 532 αὐτῶν
1268 463 1582 551 ἀμφίβληστρον

308 567 452 656 ἔκτηται,
477 575 525 656 τῷ
550 577 612 656 τῆς
627 572 690 654 μὲν
706 573 836 656 ἡμέρης
853 570 953 656 ίχύύς
968 571 1109 658 ἀγρεύει,
1133 574 1196 658 την
1212 573 1250 640 ἀὲ
1264 575 1371 641 νύκτα
1388 626 1395 640 .
1413 630 1420 643 .
1439 625 1446 640 .
1471 576 1583 658 ἵστησι

307 679 346 744 τὸ
376 677 689 763 ἀμφίβληστρον
716 680 773 744 καί
803 677 919 745 ἔπειτα
948 679 1048 763 ίσάύς
1075 681 1136 747 ἀπ’
1163 681 1247 748 αὐτὸ
1275 681 1439 763 κατεύδει,
1467 703 1510 750 so.
1540 703 1583 750 ne

307 805 444 868 conopes
469 806 541 853 eum
565 787 741 853 mordeant.

413 896 506 977 Apud
530 895 655 960 Atticos
683 894 859 976 scriptores
897 894 1098 960 enatavimus
1132 896 1191 963 hos
1222 897 1326 964 locos:
1365 899 1458 965 Plato
1483 897 1583 982 Soph.

309 1003 421 1068 23513.
450 999 716 1085 περιειληφαμεν
747 1001 784 1066 ἑν
813 998 1094 1086 ἀμφιβληστρικῷ
1117 1025 1183 1069 τινι
1209 1008 1279 1070 τῶν
1303 1005 1340 1070 ἐν
1363 1003 1477 1087 λόγοις
1507 1055 1515 1070 .
1540 1054 1548 1070 .
1577 1058 1584 1073 .

249 1097 253 1107 ’
308 1109 472 1192 ὀργάνων.
518 1109 713 1192 Antiphanis
740 1109 800 1192 frg.
827 1112 891 1174 194
918 1110 1022 1194 (Koclr
1038 1111 1078 1176 ΙΙ.
1097 1114 1148 1194 92,
1179 1113 1252 1179 Mei.
1270 1113 1326 1178 ΠΙ.
1343 1115 1419 1193 109)
1449 1112 1586 1196 ίχύύσιν

308 1215 567 1301 ἀμφίβληστρον
580 1216 665 1300 ἀνὴρ
681 1215 827 1298 πολλοῖς
843 1215 1047 1300 ἐπιβάλλων.
1084 1218 1194 1284 Sermo
1207 1219 1377 1287 familiaris
1392 1241 1455 1286 non
1473 1226 1531 1299 est,
1550 1221 1586 1285 id

307 1325 390 1408 quod
407 1325 457 1390 vel
472 1331 608 1390 metrum
625 1325 727 1392 docet.
763 1325 933 1392 Menandri
956 1323 1018 1407 ing.
1037 1327 1078 1391 27
1096 1326 1202 1411 (Kook
1216 1327 1274 1393 ΙΙΙ.
1291 1332 1341 1408 11,
1366 1329 1439 1395 Mei.
1457 1329 1512 1396 IV.
1527 1330 1585 1411 78)

308 1430 555 1516 ἀμφιβλήστρῳ
584 1429 832 1513 περιβάλλεται.
880 1433 1028 1516 Denique
1057 1434 1091 1499 in
1121 1435 1230 1516 lingua
1255 1437 1413 1502 communi
1435 1456 1496 1501 vox
1519 1437 1586 1501 usi·

307 1547 377 1608 tata
401 1546 452 1607 est
474 1560 533 1623 pro
559 1559 595 1606 eo
620 1541 705 1623 quod
730 1547 780 1606 est
802 1546 882 1614 rete,
907 1541 997 1607 velut
1011 1541 1109 1606 LXX.
1126 1542 1178 1608 Ps.
1195 1543 1259 1607 140
1273 1544 1376 1627 (141).
1393 1547 1444 1625 10,
1461 1543 1584 1610 Eccles.

308 1652 337 1716 9.
358 1650 408 1730 lb,
438 1649 559 1715 Hebae.
579 1652 606 1711 1.
627 1650 677 1728 lb,
698 1651 824 1729 16,11;
854 1648 919 1713 NT.
942 1649 1059 1714 Matth.
1084 1651 1114 1713 4.
1135 1650 1185 1729 18,
1216 1650 1315 1716 Marc.
1335 1654 1363 1719 l.
1384 1654 1434 1716 16.
1491 1651 1586 1716 Unde

309 1753 520 1840 ἀμφιβολεύς
554 1755 717 1822 notionem
751 1756 923 1838 piscatoris
958 1755 1086 1839 accepit
1115 1756 1175 1823 Ies.
1196 1759 1246 1822 19.
1265 1758 1295 1824 8.
1353 1756 1389 1823 Iu
1425 1762 1588 1841 apparatu

309 1864 483 1946 piscatorio
508 1881 616 1928 vocem
640 1869 796 1929 memorat
818 1863 934 1929 Pollux
956 1863 1052 1944 197,
1077 1863 1148 1929 Vll.
1168 1865 1241 1945 139,
1265 1865 1306 1932 X.
1327 1867 1400 1932 132.

414 1972 601 2037 Derivatam
617 1969 887 2053 significationem
904 1971 1039 2052 praebet
1055 1972 1169 2037 Pollux
1184 1972 1224 2039 ΙΙ.
1240 1975 1292 2053 71,
1308 1973 1364 2040 ubi
1380 1974 1420 2039 de
1435 1973 1587 2056 partibus

311 2078 394 2144 oculi
419 2078 562 2144 disserit:
586 2081 635 2160 τῷ
655 2075 692 2143 ἀὲ
707 2078 859 2160 τετάρτῳ
883 2076 1095 2161 ἀραχνοειὸεῖ
1114 2080 1171 2144 καί
1194 2077 1587 2163 ἀμφιβληστροειὸεῖ,

312 2187 395 2269 quod
419 2185 534 2251 Latine
563 2191 697 2252 vocatur
724 2186 839 2250 retina.
872 2171 1030 2252 'Galenus
1066 2205 1193 2270 quoque
1229 2206 1299 2253 earn
1335 2189 1463 2270 saepius
1491 2193 1589 2254 vocat

314 2290 616 2376 ἀμφιβληστρικην.
677 2293 895 2375 Hippocrates
938 2295 1066 2376 quidem
1111 2313 1222 2360 vocem
1267 2313 1329 2359 non
1373 2295 1487 2375 habet,
1531 2296 1591 2360 sed

313 2402 486 2467 secundum
511 2401 648 2466 Littraei
683 2401 820 2467 indicem
854 2402 993 2467 retinam
1026 2420 1184 2484 nusquam
1219 2401 1321 2468 affert.
1380 2402 1503 2468 Nomen
1538 2404 1589 2469 in·

314 2514 444 2575 ventum
479 2526 550 2574 esse
579 2507 706 2582 videtur
737 2508 777 2574 ab
805 2508 983 2590 Herophilo
1013 2508 1279 2576 chalcedoniensi
1308 2510 1377 2592 (IV.
1402 2511 1530 2576 saeculo
1559 2529 1591 2577 a.

254 2657 256 2662 .
315 2615 463 2696 (λιιι),
489 2615 526 2681 ci.
544 2614 655 2695 Ruina,
673 2634 703 2697 p.
719 2616 760 2681 38
779 2614 900 2681 (llinch.
928 2613 1042 2699 ἐπειδὴ
1068 2614 1105 2682 ἀὲ
1133 2614 1318 2701 Ἡρόφιλος
1341 2615 1461 2699 εἰκάζει
1485 2615 1592 2682 αύτάν

315 2720 563 2807 ἀμφιβλήστρῳ
593 2721 848 2807 ἀνεσιιασμένῳ,
886 2722 967 2788 ἔνιοι
995 2726 1051 2788 καί
1079 2722 1392 2808 ἀμφιβληστροειὸῆ
1415 2722 1590 2792 καλοῦσιν.

420 2831 467 2896 Ex
496 2831 568 2912 ipsa
596 2829 831 2911 significatione
859 2832 1016 2914 sequitur,
1051 2838 1088 2899 ut
1118 2829 1377 2915 ἀμφίβληστρον
1408 2834 1520 2910 „rete“
1551 2832 1593 2898 ab

314 2937 476 3003 Ionibus
511 2937 721 3019 peculiariter
749 2938 921 3004 formatum
952 2941 1005 3007 sit.
1051 2940 1119 3004 Iam
1142 2959 1219 3006 uero
1243 2960 1301 3021 per
1327 2959 1361 3005 se
1385 2940 1519 3023 quodvis
1543 2940 1593 3004 in-

315 3050 527 3111 strumentum
551 3042 617 3129 ]est,
653 3063 715 3126 quo
747 3046 868 3128 aliquid
900 3044 1159 3129 ἀμφιβάλλεται,
1195 3048 1279 3113 unde
1308 3049 1397 3113 notio
1427 3048 1506 3113 retis
1537 3048 1593 3111 de·

315 3154 443 3219 ducitur
467 3152 577 3218 addita
600 3152 796 3233 impediendi
821 3160 854 3217 ει
878 3154 1048 3219 cohibendi
1065 3156 1106 3234 vi,
1132 3173 1214 3237 quae
1238 3156 1300 3221 etsi
1323 3175 1343 3221 a
1366 3157 1463 3221 verbo
1489 3154 1593 3238 ἀμφι-

315 3257 454 3344 βάλλειν
483 3279 547 3326 non
575 3260 681 3326 aliena
713 3266 762 3327 εει
795 3259 846 3345 (ci.
873 3259 970 3344 Soph.
996 3263 1070 3327 Ant.
1096 3264 1161 3326 344
1186 3263 1271 3329 chor.
1303 3260 1414 3346 φῦλον
1438 3261 1593 3345 ἀρνίύων

317 3366 533 3451 ἀμφιβαλών,
569 3368 638 3433 sim.
668 3365 885 3451 περιβάλλειν
911 3369 963 3434 uel
992 3370 1026 3434 in
1058 3388 1156 3451 prosa
1184 3370 1354 3452 oratione),
1390 3376 1499 3436 tamen
1529 3391 1594 3437 non

322 3476 506 3541 necessario
531 3475 562 3539 in
586 3494 623 3540 eo
647 3476 742 3540 inest.
781 3476 818 3541 In
842 3477 970 3542 nomine
994 3477 1094 3559 igitur
1118 3475 1378 3561 ἀμφίβληστρον
1400 3480 1489 3543 notio
1506 3479 1597 3544 verbi

316 3582 471 3664 peculiari
494 3583 588 3648 modo
613 3582 646 3648 in
670 3584 839 3665 angustius
864 3589 1030 3651 contracta
1054 3589 1112 3652 est.
1154 3585 1319 3668 Nusquam
1343 3587 1426 3653 enim
1452 3588 1491 3652 de
1514 3587 1594 3652 sim·
1728 3583 1729 3668 ᾗ

241 3736 242 3740 =
317 3691 394 3773 plici
413 3696 503 3757 veste
528 3691 648 3756 dictum
664 3696 724 3757 est.
758 3691 796 3755 Id
820 3697 928 3757 autem
953 3709 1053 3774 aeque
1077 3693 1163 3775 apud
1186 3712 1296 3759 omnes
1313 3693 1453 3762 Graecas
1478 3698 1594 3776 gentes
1728 3673 1729 3762 λ

317 3796 436 3862 lactum
473 3816 544 3864 esse
572 3800 624 3864 vix
659 3800 824 3880 probabile
853 3799 981 3866 videtur
1011 3818 1090 3866 esse.
1137 3800 1271 3866 Factum
1303 3806 1353 3866 est
1389 3806 1476 3867 certe
1508 3802 1596 3884 apud

316 3905 447 3985 Iones3
473 3906 561 3988 apud
576 3906 756 3973 Atticorum
780 3912 887 3974 autem
911 3908 1108 3989 scriptorum
1130 3909 1289 3974 neminem
1312 3910 1359 3974 ita
1382 3910 1501 3992 legitur
1522 3930 1594 3989 von,

318 4019 354 4076 ut
389 4014 612 4079 consuetudini
647 4033 705 4095 pro
742 4020 830 4081 certo
870 4014 1041 4081 tribuenda
1080 4016 1132 4081 sit.
1190 4016 1284 4082 Plato
1323 4023 1357 4082 ει
1390 4017 1596 4098 Antiphanes

319 4121 445 4201 poetico
482 4138 629 4186 sermone
664 4125 809 4197 utuntur,
845 4122 1015 4187 Menandri
1049 4141 1153 4189 sermo
1187 4125 1273 4190 haud
1308 4125 1421 4206 procul
1452 4125 1544 4190 abest
1576 4144 1596 4189 a
1728 4107 1729 4110 ¹

319 4228 429 4308 lingua
465 4229 631 4295 communi.
679 4227 790 4311 Neque
822 4236 880 4311 est,
917 4231 973 4313 qui
1001 4248 1109 4296 vocem
1140 4232 1265 4313 priscae
1288 4232 1416 4298 ncthidi
1441 4234 1592 4313 vindicet,

321 4352 395 4402 uam
418 4336 590 4401 verisimile
614 4355 677 4402 non
702 4342 753 4403 est
776 4356 845 4404 eam
870 4343 978 4405 aetate
1001 4340 1240 4407 antehomerica
1261 4338 1419 4407 floruisse.
