3475 5250
712 275 927 339 ..53-

179 449 291 530 simus,
318 454 355 515 ut
379 468 492 517 sensus
516 451 603 519 vocis
638 451 720 518 bene
750 454 960 536 percipiatur.
1008 474 1044 522 π.
1075 454 1173 538 καρδ.
1202 458 1461 541 ra,1..1x.9o

181 553 256 620 ἁλλ’
282 554 453 638 ἁνοίγεται
470 557 617 642 (arteria)
634 558 698 642 μὲν
721 558 757 641 ές
772 562 959 644 πνεύμονα,
985 561 1035 644 ὡς
1051 563 1137 646 αίμα
1151 555 1342 648 παρασχεῖν
1366 565 1461 648 αὐτῷ

180 663 218 744 ές
240 663 305 746 τὴν
327 665 472 748 τροφήν·
498 663 650 732 κλείεται·
667 666 704 733 δὲ
728 667 765 750 ές
787 668 851 752 τὴν
866 667 1010 752 καρδίην
1034 668 1097 736 οὐκ
1114 669 1241 754 ἁρμῷ,
1273 669 1365 754 ὅκως
1388 671 1461 756 εὀίη

180 770 245 854 μὲν
270 769 289 836 δ
315 771 392 856 ἀήρ,
418 772 458 838 οὐ
481 773 574 839 πάνυ
598 772 636 840 δέ
651 774 771 858 πολύς.
818 776 987 844 Deforme
1008 776 1108 860 ἁρμῷ
1132 779 1205 844 uide
1222 776 1315 846 infra.
1333 799 1462 860 γυναικ.

181 877 216 945 α’
242 883 292 961 14,
318 881 354 944 L.
379 880 465 947 VIII.
491 881 587 965 disq.
618 879 679 948 ἁτε
702 886 763 949 τοῦ
788 883 961 966 στόματος
984 886 1055 948 τῶν
1076 885 1237 968 μητρέων
1260 883 1463 969 παρακεκλι-

179 988 287 1070 μένου
312 985 428 1071 ὀλίγον
461 991 524 1054 τοῦ
548 988 681 1056 αἰδοίου
715 989 737 1074 η
767 990 895 1075 ἁρμοῖ
926 991 1120 1074 μεμυκότος
1154 991 1190 1072 ές
1224 996 1338 1074 τοῦτο,
1375 991 1463 1060 ὥστε

178 1096 324 1179 χωρέειν
350 1096 424 1180 μέν,
450 1095 741 1180 ἁποφράσσεσδαι
758 1097 797 1165 δέ
820 1097 886 1164 ἀπ’
900 1097 1034 1165 αὐτέων
1051 1096 1108 1185 (τὰ
1124 1099 1310 1183 ἐπιμήνια).
1333 1119 1461 1182 γυναικ.

180 1202 211 1285 γ’
239 1205 315 1285 λ13,
352 1205 388 1271 L.
429 1205 512 1270 VIII.
549 1206 614 1270 408
648 1207 705 1271 καί
739 1204 782 1290 ἢν
815 1207 951 1290 μεμὰκη
985 1204 1025 1278 τδ
1062 1206 1173 1289 στόμα
1195 1210 1267 1273 τῶν
1301 1209 1463 1291 μητρέων

180 1311 362 1393 πάμπαν
386 1310 458 1378 οὐδ’
482 1310 575 1378 οὕτω
600 1309 756 1396 δέχονται
785 1311 856 1380 οὐδ’
879 1311 924 1396 ἢν
948 1313 1078 1397 ἁρμοῖ
1096 1312 1232 1398 μεμύκη
1255 1313 1462 1399 μάλλονῆ

182 1417 267 1484 δεῖ.
293 1469 301 1485 .
331 1417 375 1502 ἢν
400 1419 438 1486 δέ
461 1418 576 1502 ὀλίγον
599 1419 895 1504 παρακεκλιμένον
917 1419 940 1504 ᾗ
963 1418 985 1504 ἢ
1010 1420 1139 1504 ἁρμοῖ
1158 1422 1303 1506 μεμάκη,
1340 1423 1463 1505 χωρέει

178 1523 243 1608 μὲν
266 1523 310 1591 τά
334 1525 504 1610 ἐπιμήνια,
534 1528 657 1611 χωρέει
687 1526 725 1593 δὲ
752 1526 875 1612 βιαίως
902 1529 959 1594 καί
982 1525 1062 1593 κατ’
1095 1525 1211 1610 ὀλίγον
1245 1528 1302 1594 ε’πί
1328 1527 1463 1611 πολλάς

179 1633 322 1716 ἡμέρας.
368 1635 428 1700 His
458 1635 563 1702 tribus
586 1636 666 1703 locis
691 1636 799 1720 ἁρμοῖ
819 1637 887 1702 siue
918 1633 1017 1719 ἁρμῷ
1041 1636 1205 1718 significat
1224 1637 1462 1720 „aliquomodo

180 1742 325 1807 clausum
352 1746 458 1826 esse“,
483 1763 579 1827 quam
592 1743 862 1828 significationem
890 1744 1027 1811 localem
1056 1745 1270 1828 principalem
1294 1761 1365 1812 esse
1389 1763 1463 1812 con·
1554 1769 1556 1774 ·

179 1856 372 1918 sentaneum
396 1858 457 1921 est.
503 1853 540 1919 Id
565 1854 651 1936 quod
675 1853 783 1937 ἁρμοῖ
803 1854 948 1921 clausum
972 1860 1032 1938 est,
1057 1873 1122 1921 non
1137 1853 1285 1936 πάμπαν
1302 1853 1464 1921 clauditur

178 1963 214 2024 et
248 1977 358 2026 aerem
392 1962 554 2043 permittit
587 1962 622 2028 in
657 1964 786 2029 modum
820 1962 998 2029 labrorum.
1044 1961 1099 2029 Sic
1121 1961 1360 2045 interpretatur
1382 1962 1463 2028 Ero·

178 2067 289 2133 tianus
324 2088 355 2151 p.
381 2071 472 2134 44.5
508 2069 617 2154 ἡσυχῇ
652 2071 703 2137 vel
737 2072 859 2154 μικρῷ,
896 2070 930 2136 id
966 2074 1017 2137 est
1042 2069 1212 2154 paululum
1245 2088 1290 2136 sc.
1319 2070 1464 2138 clausum

179 2193 262 2242 esse.
311 2175 445 2244 Accedit
467 2177 557 2244 locus
581 2179 614 2244 in
638 2198 766 2260 γυναικ.
796 2176 829 2244 α’
852 2180 906 2258 36,
943 2178 979 2245 L.
1004 2177 1094 2245 VIII.
1119 2179 1162 2245 88
1194 2175 1400 2260 διαιτωμένη
1426 2175 1464 2243 δὲ

185 2283 208 2366 ἡ
233 2282 317 2366 γυνὴ
341 2285 555 2367 περιγίνεται,
579 2282 622 2368 ἢν
646 2284 776 2369 ἁρμοῖ
795 2282 1046 2369 μελεδαίνηται,
1071 2286 1163 2353 cuius
1187 2305 1301 2353 sensus
1323 2284 1464 2353 fortasse

178 2395 230 2457 est
258 2392 306 2472 „si
330 2392 521 2459 continuo
546 2392 614 2459 siue
639 2411 683 2460 er
705 2391 829 2460 fundo
854 2397 1006 2460 curetur“
1031 2395 1088 2470 ita,
1112 2399 1151 2460 ut
1175 2412 1252 2461 cura
1275 2412 1338 2460 non
1363 2395 1462 2461 inter·

182 2503 364 2583 rumpatur.

288 2608 413 2691 Restat,
450 2612 487 2675 nt
509 2607 636 2693 reliqua
669 2608 857 2676 testimonia
892 2608 980 2677 vocis
1016 2606 1130 2693 ἁρμοῖ,
1167 2606 1267 2693 ἁρμῷ
1302 2629 1322 2675 a
1356 2608 1462 2693 poetis

178 2722 311 2783 seruata
336 2736 557 2800 congeramus,
604 2717 648 2783 Et
670 2718 891 2802 antiquiorum
926 2717 1057 2801 quidem
1080 2718 1240 2784 Pindarus
1264 2717 1395 2785 exhibet
1428 2716 1463 2784 in

177 2827 239 2909 lrg.
268 2828 330 2891 199
359 2823 493 2891 ἐλπίσιν
516 2823 710 2906 ἀδυνάτοις
742 2824 858 2908 ἁρμῷ
884 2825 1058 2909 φέρονται,
1094 2825 1180 2908 quod
1208 2826 1463 2907 interpretamur

181 2933 378 3015 „immortali
414 2950 472 3017 spe
494 2938 688 3015 perpetuo
712 2930 913 2999 efferuntur“
950 2932 1036 3017 (vide
1069 2932 1178 3017 inira).
1228 2931 1460 3021 [Pherecratio]

178 3062 257 3109 vero
293 3040 354 3124 frg.
391 3039 515 3107 Metall.
542 3042 603 3105 111
641 3039 898 3126 (Koclrl.178‚
935 3040 1009 3106 Mei.
1042 3040 1085 3106 ll.
1109 3040 1189 3123 306)
1222 3046 1386 3108 serratum
1420 3041 1461 3108 ab

179 3150 336 3217 Erotiano
367 3167 398 3232 p.
424 3149 514 3215 44.5
550 3148 822 3232 interpretatione
860 3153 936 3230 eget
971 3147 1081 3232 ἁρμῷ·
1117 3148 1237 3233 ἡσυχῇ,
1261 3150 1382 3231 μικρῷ·
1412 3147 1462 3229 ὡς

178 3259 237 3323 καί
253 3255 469 3340 Φερεκράτης
485 3254 522 3321 ἐν
538 3254 791 3338 Meroliacum
817 3257 886 3323 cod.
904 3255 1035 3322 exhibet
1052 3254 1170 3339 ἁρμῷ·
1186 3256 1304 3339 ἡσυχῆ,
1319 3258 1460 3338 μικρῶς.

180 3366 305 3433 Novum
345 3383 475 3433 sensum
516 3361 615 3447 ,ἄρτι
651 3365 776 3431 νεωστί
813 3368 939 3446 nuper“
983 3364 1213 3446 praetulerunt
1250 3363 1462 3430 Alexandrini

178 3480 310 3558 poetae,
335 3490 470 3557 quorum
487 3472 630 3555 quinque
646 3471 834 3539 casalmonia
856 3471 937 3537 milri
952 3476 1085 3555 praesto
1101 3475 1192 3539 sunt:
1218 3471 1351 3539 Theocr.
1369 3474 1399 3539 4.
1419 3473 1458 3536 51

181 3582 204 3649 ἁ
228 3582 290 3666 γάρ
316 3579 455 3648 άκανδα
479 3580 606 3665 ἁρμοῖ
629 3584 664 3664 μ’
689 3578 756 3647 ὧδ’
779 3577 924 3663 έπάταξ’
953 3577 1023 3645 δπδ
1046 3577 1086 3645 τδ
1111 3579 1256 3662 σφυρόν.
1302 3578 1460 3663 Lycophr.

177 3691 230 3757 Al.
266 3691 327 3756 106
366 3686 526 3755 Θδσαισιν
570 3686 697 3772 ἁρμοῖ
731 3687 899 3772 μηλάτων
943 3687 1152 3771 ἀπάργματα
1191 3685 1387 3771 φλέγουσαν
1425 3685 1462 3751 έν

179 3797 337 3881 κρόκαισι
373 3796 430 3862 καί
456 3792 552 3881 Βάνη
577 3793 663 3879 δεᾷ;
698 3794 807 3879 ἁρμοῖ
839 3795 1034 3881 φλέγουσαν
1070 3799 1130 3877 εεί,
1170 3795 1221 3877 „in
1257 3795 1328 3877 ipso
1363 3794 1462 3860 sacri·

181 3905 287 3972 ficio“.
328 3902 452 3971 Gallim.
478 3903 539 3988 frg.
564 3906 629 3970 230
653 3902 750 3972 Schn.
775 3902 907 3988 ἁρμοῖ
926 3925 998 3987 παρ
1022 3901 1169 3969 Δαναῶν
1203 3906 1265 3987 γῆς
1293 3901 1368 3968 ἔπι·
1382 3900 1462 3986 βου-

181 4014 315 4096 γενέων.
340 4013 374 4078 id
397 4010 458 4095 frg.
483 4012 561 4079 Ηεο.
587 4016 631 4078 44
656 4012 751 4079 Schn.
777 4010 885 4098 ἁρμοῖ
905 4033 974 4079 που
990 4011 1135 4095 κάκείνῳ
1153 4012 1332 4096 ἐπέτρεχεν
1356 4009 1462 4095 ἁβρὸς

183 4118 309 4201 ἴουλος.
334 4118 434 4186 Simil.
449 4120 555 4203 Apoll.
580 4120 683 4188 Rhod.
708 4120 732 4186 1.
759 4122 834 4190 972.
860 4120 936 4187 ῖσδν
949 4138 1018 4185 που
1034 4118 1185 4203 κάκείνω·
1196 4119 1462 4203 ἐπισταχύεσκον

184 4227 294 4295 ίουλοι
318 4229 417 4296 schol.
443 4228 538 4296 Laur.
564 4228 732 4314 γράφεται
755 4227 863 4313 ἁρμοῖ
883 4249 952 4293 που
975 4225 1047 4295 κτλ.

288 4337 378 4403 Haec
400 4337 556 4405 habemus
592 4338 632 4405 de
655 4356 733 4405 voce
761 4336 875 4421 ἁρμοῖ,
910 4354 993 4420 quae
1017 4337 1104 4420 apud
1133 4336 1311 4420 scriptores
1334 4338 1462 4401 veteres

183 4451 315 4513 servata
338 4450 415 4513 sunt
437 4445 633 4513 testimonia.
682 4446 848 4513 Accedunt
871 4444 1156 4529 grammaticorum
1190 4442 1367 4523 doctrinae,
1404 4442 1462 4509 sed

183 4572 253 4637 eas,
290 4554 410 4639 qnippe
445 4574 529 4639 quae
564 4555 652 4623 inter
687 4572 722 4623 se
746 4573 810 4623 non
834 4557 1024 4638 congruant,
1061 4552 1095 4620 in
1130 4551 1194 4620 fine
1235 4550 1460 4619 tractabimus.
