3475 5250
800 299 1019 363 ..46-

276 480 353 545 item
376 478 410 545 in
433 478 611 546 vetustiore
634 476 745 560 lingua
769 479 936 545 communi.
971 477 1067 558 Apud
1090 476 1215 541 Atticos
1239 481 1347 541 autem
1371 477 1547 557 scriptores

275 605 408 669 prorsus
444 587 544 666 deest,
580 586 643 651 nisi
677 586 761 668 quod
792 586 908 669 tragici
936 590 1053 668 poetae
1081 588 1115 650 et
1141 583 1273 665 proprie
1303 588 1337 651 et
1363 585 1481 649 tralato
1510 602 1550 649 ea

277 700 421 762 utantur.

384 802 472 880 Quae
502 819 573 867 cum
600 801 647 866 ita
677 801 751 881 sint,
786 798 993 883 Rutheriord,
1025 821 1057 867 n.
1080 801 1156 867 Phr.
1180 820 1212 883 p.
1234 801 1274 862 14
1304 815 1415 864 vocem
1447 795 1549 879 ἀμφι-

278 906 386 990 ἀέξιος
407 909 546 991 priscam
561 908 703 973 Atticam
719 906 818 974 luisse
835 908 1009 988 contendit,
1033 910 1119 991 quod
1134 907 1229 973 facile
1246 907 1276 971 ei
1293 905 1548 983 concederemus,

278 1017 306 1082 si
330 1017 415 1098 apud
438 1016 580 1099 tragicos
603 1020 717 1096 poetas
734 1015 889 1096 primario
905 1020 1031 1081 tantum
1047 1034 1144 1083 sensu
1158 1016 1333 1096 legeretur,
1358 1018 1414 1078 aut
1430 1011 1549 1076 tralato

278 1125 426 1206 quodam,
455 1125 509 1206 qui
533 1123 714 1189 necessario
739 1142 778 1188 ex
800 1124 955 1204 primario
979 1124 1200 1198 deduceretur,
1229 1122 1263 1186 id
1286 1121 1371 1204 quod
1395 1119 1435 1184 de
1452 1118 1551 1200 signi-

278 1230 427 1297 ficatione
454 1249 533 1313 ,par
556 1231 589 1295 in
613 1235 783 1312 utramque
806 1236 952 1311 partem“
971 1248 1063 1295 nemo
1086 1235 1145 1312 est,
1170 1228 1247 1312 quin
1271 1229 1391 1308 credat,
1416 1227 1479 1292 etsi
1494 1225 1551 1291 illa

279 1357 297 1402 a
321 1357 417 1404 sensu
440 1339 595 1420 primario
619 1357 682 1404 non
706 1338 843 1402 multum
867 1338 968 1404 abest
1007 1337 1109 1404 Simul
1131 1343 1239 1403 autem
1262 1337 1346 1402 idem
1362 1334 1459 1418 plane
1473 1352 1551 1398 usus

278 1447 364 1527 apud
379 1445 473 1512 Iones
490 1446 587 1526 ualet,
611 1463 711 1527 quare
733 1444 835 1511 multo
857 1441 1063 1511 uerisimilius
1084 1444 1212 1511 videtur
1228 1462 1298 1511 esse
1314 1443 1456 1524 tragicos
1480 1461 1552 1507 eam

280 1559 312 1620 et
336 1553 489 1635 primario
514 1559 547 1620 et
570 1551 689 1618 tralato
713 1571 809 1620 sensu
834 1553 875 1619 ab
898 1552 1030 1619 Ionibus
1053 1553 1225 1635 accepisse.

771 1735 1062 1805 ΑΜΦΙΛΑΦΗΣ.

387 1875 446 1957 Ag.
475 1875 559 1939 1015
578 1872 670 1956 (970)
691 1874 775 1940 chor.
803 1871 897 1954 δόσις
920 1870 1171 1957 ἀμφιλαφής.
1218 1871 1359 1956 Ghoeph,
1379 1871 1552 1955 3311311)

281 1982 365 2047 chor.
389 1981 468 2062 γόος
492 1978 743 2063 ἀμφιλαφής.

386 2089 488 2154 Usum
513 2093 545 2152 et
569 2107 697 2154 sensum
719 2087 839 2170 optima
857 2107 896 2153 en
911 2088 1076 2154 Herodoto
1093 2087 1302 2168 percipimus:
1326 2086 1382 2154 IV.
1400 2088 1461 2150 172
1480 2086 1553 2168 φολ-

281 2216 371 2276 νικες
395 2193 609 2279 ἀμφιλαφεῖς
639 2197 802 2278 „arbores
834 2215 916 2279 quac
944 2197 1020 2262 latis
1044 2196 1142 2260 ramis
1170 2194 1315 2260 umbram
1338 2192 1552 2258 diffundunt“.

280 2304 335 2369 IV.
354 2306 395 2369 50
420 2302 506 2386 χιὼν
538 2300 741 2387 ἀμφιλαφής
774 2305 861 2380 „lata
892 2304 978 2370 nix“.
1024 2303 1079 2368 IV.
1098 2305 1139 2368 28
1168 2299 1309 2384 βρονταὶ
1333 2297 1547 2383 ἀμφιλαφεῖς

284 2414 450 2494 „ingentes
479 2417 700 2493 tempestates,
730 2423 813 2494 quae
836 2411 977 2493 undique
1005 2416 1151 2476 tonant“.
1186 2409 1338 2476 ·111.114
1368 2405 1553 2490 ἐλέφαντες

283 2515 497 2602 ἀμφιλαφεῖς
528 2519 639 2600 ,multi
669 2520 855 2601 elephantes
886 2519 1066 2600 gregatim
1094 2519 1145 2584 vel
1171 2514 1379 2599 „elephantes
1404 2517 1553 2581 immensi

281 2627 532 2711 magnitudine“.
584 2628 673 2693 Sicut
702 2628 878 2711 Aeschylus
913 2625 1012 2691 hahet
1041 2645 1149 2692 vocem
1184 2627 1281 2691 etiam
1314 2624 1474 2690 Pindarus
1503 2621 1552 2691 01.

281 2734 337 2801 IX.
355 2736 396 2799 82
427 2732 630 2817 ἀμφιλαφὴς
659 2732 811 2817 δύναμις.
858 2734 901 2800 Et
928 2733 1021 2800 Plato
1052 2734 1201 2799 similiter
1229 2732 1394 2799 Herodoto
1417 2732 1472 2797 IV.
1493 2733 1554 2795 172

282 2841 360 2907 dicit
383 2841 520 2907 Phaedr.
545 2842 659 2907 230D.·
686 2840 862 2922 πλάτανος
886 2840 972 2923 αὕτη
996 2839 1075 2923 μαλ’
1100 2838 1314 2924 ἀμφιλαφής.

388 2948 500 3032 Neque
529 2950 627 3015 etiam
655 2968 731 3018 rara
758 2970 818 3015 vox
847 2955 898 3014 est
928 2950 1015 3031 apud
1037 2949 1271 3015 Alexandrinos
1300 2952 1334 3013 et
1356 2947 1555 3012 recentiores

284 3062 407 3138 poetas,
431 3056 488 3121 uhi
512 3055 673 3137 significat
696 3062 752 3121 aut
775 3057 877 3122 latum
900 3062 957 3121 aut
980 3056 1130 3137 amplum,
1154 3055 1242 3121 velut
1264 3055 1397 3119 Theocr.
1413 3053 1497 3117 XIV.
1513 3054 1555 3116 46

285 3161 316 3229 ἀ.
340 3162 483 3244 ιιαστάς,
512 3165 571 3244 Ap.
596 3163 698 3230 Rhod.
723 3164 776 3229 IV.
796 3164 859 3227 983
888 3167 1003 3245 νῆσος,
1037 3162 1159 3230 Gallim.
1185 3164 1245 3245 Ap.
1263 3163 1305 3226 42
1329 3162 1428 3243 τέχνῃ
1454 3159 1557 3244 ἀμφι-

283 3269 408 3353 λαφής,
432 3271 524 3336 Dian.
543 3272 562 3335 3
584 3270 698 3353 χορός,
724 3270 792 3337 Ger.
810 3273 851 3335 27
878 3267 991 3350 ἄλσος.

388 3378 553 3461 Frequens
581 3384 632 3445 est
660 3380 720 3445 hoc
743 3396 840 3445 sensu
864 3379 962 3444 etiam
992 3378 1079 3459 apud
1102 3376 1277 3461 scriptores
1301 3375 1461 3458 pedestris
1490 3394 1557 3440 ser·

284 3595 326 3660 ad
350 3594 429 3659 Tim.
454 3614 485 3676 p.
502 3596 575 3667 268.
602 3594 800 3660 Boissonade
824 3595 865 3659 ad
882 3593 1072 3660 Philostrati
1094 3593 1223 3658 Heroio.
1247 3611 1279 3674 p.
1295 3592 1368 3656 733.
1405 3591 1557 3656 Eiusdem

229 3756 230 3759 ,
283 3702 407 3768 farinae
442 3707 492 3768 est
527 3721 595 3783 sap.
627 3701 704 3784 Sal,
739 3702 794 3767 uhi
830 3702 916 3785 quud
944 3701 1063 3784 legitur
1094 3703 1145 3767 17.
1173 3701 1212 3765 18
1247 3698 1325 3781 περὶ
1354 3697 1384 3762 ἀ.
1409 3695 1559 3777 κλάδους

285 3808 416 3893 ὀρνέων
437 3807 530 3892 ἦχος,
559 3810 632 3875 inde
662 3810 703 3876 ab
726 3809 891 3876 Herodoto
921 3814 954 3875 et
977 3809 1113 3874 Platone
1141 3806 1329 3887 saepissime
1353 3806 1559 3871 decantatum

286 3937 389 4001 paene
412 3920 444 3983 in
468 3916 673 4000 proverbium
696 3917 787 3999 abiit,
812 3937 841 3982 v.
866 3917 988 3983 anthol.
1012 3916 1079 3981 Pal.
1099 3914 1153 3981 VI.
1173 3917 1245 3994 170,
1270 3915 1329 3994 Ap.
1346 3912 1407 3978 Rh.
1423 3912 1465 3979 ΙΙ.
1484 3914 1557 3987 733,

287 4024 470 4110 [Hippocr.]
494 4044 544 4107 ep.
567 4025 672 4091 XVII.
691 4028 720 4105 6,
755 4024 918 4091 Aristaen.
935 4026 970 4091 1.
997 4024 1015 4087 3
1040 4022 1081 4090 al.
1134 4023 1171 4101 Q.
1196 4020 1359 4087 Ciceronis
1392 4022 1558 4103 proprium

286 4133 413 4199 videtur
437 4132 536 4198 fuisse
555 4129 753 4215 ἀμφιλαφῖα
770 4131 998 4213 ,copiositas“,
1023 4149 1052 4196 v.
1069 4129 1133 4197 Gic.
1151 4130 1192 4195 ad
1208 4129 1316 4209 Quint.
1331 4127 1406 4194 frat.
1423 4127 1464 4193 Π.
1479 4130 1508 4191 6.
1522 4127 1558 4191 3:

287 4237 319 4305 ἀ.
343 4245 451 4306 autern
475 4240 575 4318 illam,
599 4259 694 4322 quam
717 4245 754 4305 tn
777 4239 862 4307 soles
887 4239 994 4305 dicere
1011 4288 1018 4303 .
1037 4288 1070 4304 ..
1107 4237 1204 4303 Redit
1226 4255 1289 4303 non
1313 4242 1388 4303 ante
1409 4235 1560 4317 Byzanti·

286 4366 399 4413 norum
424 4353 574 4415 aetatem.

394 4455 591 4539 significatio
626 4455 678 4520 his
711 4452 906 4522 testimoniis
941 4454 1021 4520 satis
1057 4452 1247 4518 collustrata
1281 4455 1345 4530 est,
1381 4468 1483 4532 neque
1520 4448 1560 4514 de

287 4562 465 4645 veriloquio
489 4582 547 4630 nos
570 4564 698 4646 quidem
722 4562 917 4643 dubitamus,
942 4560 980 4627 cf.
1006 4559 1146 4643 Curtius,
1170 4558 1299 4628 Griech.
1315 4554 1434 4641 Etym.⁸
1451 4576 1482 4639 p.
1495 4557 1557 4621 531
