3475 5250
706 303 927 366 ..89-

175 477 516 564 ὁισσσφηνεῖνφίᾱο
536 479 632 564 Ρερ11
654 480 732 564 lex.)
755 480 841 564 opud
865 481 1098 564 Hippocratem
1121 491 1187 548 no'n
1209 486 1316 552 exstet
1338 482 1401 550 nisi
1424 483 1457 550 iu
1518 482 1520 485 ’

53 593 59 602 ’
174 588 327 670 epistulis
350 588 481 671 spuriis.
583 631 585 635 -

283 696 363 762 Tum
391 695 573 779 Xenophon
608 697 703 764 huius
739 696 852 778 stirpis
889 695 1072 763 derivatum
1106 695 1285 780 σαφηνίζει
1320 703 1354 766 ct
1388 697 1460 766 ὀισ-

175 803 354 887 σαφηνίζω
385 802 574 887 irequentcr
611 803 759 871 adhibuit
786 803 838 870 his
867 804 949 871 locis
972 803 1047 886 Cyri
1071 804 1146 870 inst.
1173 807 1203 871 8.
1221 807 1253 872 4.
1269 807 1300 888 4,
1326 808 1356 886 5,
1382 810 1413 873 7.
1430 809 1461 890 9,

176 913 278 992 8.,16,
314 931 407 978 mem.
426 915 457 979 4.
476 913 506 979 3.
524 914 555 995 4,
587 915 615 978 7.
636 915 665 993 6,
700 911 776 978 hell.
795 915 825 980 7.
845 915 876 976 5.
894 914 947 993 21,
983 913 1164 980 οεοοα.20.
1185 915 1235 995 13,
1272 932 1358 997 resp.
1382 914 1458 981 Lac.

76 1015 79 1020 ’
175 1019 253 1093 21,
294 1021 323 1084 4.
342 1021 372 1101 3,
410 1019 550 1104 apoll,
588 1020 680 1088 cuins
702 1019 830 1088 scilicet
851 1019 1004 1104 loquendi
1026 1021 1260 1090 consuetudine
1283 1023 1324 1089 dc
1349 1023 1459 1092 Attice

173 1125 314 1195 dialecto
339 1132 427 1194 corte
450 1147 514 1194 non
538 1128 703 1198 docemur.
731 1125 822 1194 Haeo
845 1127 1044 1200 enimuerbo
1060 1110 1312 1211 ascriptoribus
1328 1131 1457 1214 quidem

174 1251 251 1304 nere
272 1235 392 1303 Atticis
426 1241 638 1319 responsum
675 1240 789 1302 contre
819 1253 897 1303 usus
926 1234 1083 1302 obstructi
1115 1236 1253 1306 nominis
1288 1237 1459 1321 σαφήνεια

171 1342 427 1411 Atheniensibus
462 1329 544 1410 sdeo
580 1363 644 1410 non
679 1343 827 1410 insuetus
863 1347 924 1424 est,
964 1347 1002 1409 ut
1029 1343 1104 1408 inde
1139 1343 1331 1411 concludere
1359 1344 1459 1412 licest

171 1451 308 1533 stirpem
335 1455 466 1518 suctum
493 1447 696 1534 *σαφ-ηνεσ-
724 1452 814 1518 iuxta
838 1447 997 1534 *σαφεσ-
1020 1451 1054 1517 in
1078 1451 1188 1534 prisco
1203 1452 1342 1537 ‘Atthidi
1357 1454 1458 1520 usito·

171 1563 241 1626 tam
267 1557 379 1642 fuisse,
404 1559 453 1626 its
475 1564 595 1640 tomen,
620 1564 657 1624 ut
673 1559 820 1627 dicerent
844 1559 1005 1642 σαφηνής
1020 1557 1169 1642 ἀσαφής,
1193 1559 1284 1626 velut
1307 1561 1458 1644 φανερός

174 1665 339 1750 ἀφανής,
363 1667 515 1751 φωνήεις
550 1663 703 1750 ἄφωνος,
738 1663 854 1749 ὑλήεις
889 1666 942 1733 uel
968 1664 1088 1748 ὑλικάς
1116 1663 1232 1748 ἆθλος.
1280 1665 1476 1751 Σαφήνεια.

176 1774 279 1854 igitur
302 1775 466 1856 reperitur
502 1775 590 1857 apud
613 1773 846 1857 Antiphontem
880 1795 910 1839 κ.
936 1794 1045 1857 φορμ.
1071 1775 1111 1840 13
1135 1776 1207 1839 τῶν
1228 1772 1458 1858 πραχθέντων

159 1881 236 1965 ’τήν
252 1882 487 1966 σαφήνειαν
509 1877 689 1949 πυθέσθαι
705 1887 739 1948 et
754 1881 945 1963 saepissime
961 1882 1048 1964 apud
1063 1881 1232 1948 Plutonem
1249 1882 1347 1949 Polit.
1365 1881 1458 1948 2620

173 1987 495 2073 supportassem,
521 1989 618 2072 Scph.
643 1987 752 2070 2540,
787 1988 1061 2068 Phemonoen,
1096 1989 1180 2055 Phil.
1206 1989 1291 2071 570,
1326 1990 1393 2059 Pol.
1419 1991 1456 2058 V.

173 2097 280 2180 4780,
306 2099 359 2166 vi.
386 2095 498 2181 5091),
524 2097 635 2179 51118,
661 2095 729 2164 VII.
756 2095 862 2178 5240,
888 2096 989 2180 Legg.
1013 2096 1084 2165 Vll
1102 2098 1212 2164 8121).
1258 2097 1366 2166 Etiam
1389 2097 1460 2165 Iso.-

174 2209 281 2272 crctes
305 2205 390 2273 hunc
413 2223 523 2272 vocem
548 2225 610 2272 non
636 2204 830 2288 contempsit
853 2226 890 2269 π.
915 2202 1064 2272 ἀντιὸόσ.
1091 2208 1165 2272 189.

278 2312 349 2382 Iam
371 2319 507 2396 peracta
530 2317 614 2398 sunt,
640 2331 722 2396 qnae
747 2313 780 2380 in
804 2318 950 2380 nostrum
972 2314 1195 2396 qrrcestionem
1220 2314 1341 2382 cocunt
1364 2314 1458 2381 testi·

171 2421 290 2505 monis,
328 2421 409 2488 libet
444 2428 552 2488 tomen
577 2421 724 2504 quemvis
759 2409 960 2488 brevissimis
995 2440 1089 2496 usum
1124 2422 1243 2489 oetutis
1266 2421 1458 2489 recentioris

173 2530 378 2610 adumbrare.
425 2527 469 2596 Et
491 2529 686 2597 Aristotcles
717 2529 847 2612 quidem
873 2547 944 2594 cum
969 2529 1140 2612 σαφήνεια
1167 2536 1236 2597 tum
1259 2526 1457 2612 σαφηνίζειν

171 2639 306 2721 saepius
329 2638 473 2723 scripsit,
498 2638 598 2707 semel
622 2635 862 2721 διεσαφήνισεν
885 2638 929 2722 (α.
945 2638 967 2705 1.
992 2635 1212 2724 θιεσάφησεν)
1235 2658 1266 2720 p.
1284 2639 1349 2702 986
1372 2636 1454 2717 522,
1549 2633 1551 2636 ’

174 2764 279 2829 neque
313 2745 445 2827 linguae
481 2746 660 2813 communis
691 2746 872 2829 scriptores
906 2745 965 2812 hos
1001 2763 1094 2811 voces
1132 2748 1329 2830 respuerunt
1367 2743 1456 2810 velut

174 2854 285 2937 Polyb.
312 2854 342 2919 3.
360 2854 450 2921 352
475 2852 655 2936 σαφήνεια,
680 2853 776 2919 LXX.
801 2852 842 2920 II.
868 2852 968 2920 Mace.
993 2854 1024 2919 3.
1043 2855 1073 2935 9,
1098 2849 1347 2934 θιασαφηνίζω,
1369 2851 1456 2922 iden

174 2964 232 3028 sut
254 2957 477 3044 θιασαφηνέαι
512 2962 545 3027 in
581 2962 676 3044 epist.
700 2961 871 3045 Hippocr.3
907 2960 1046 3043 denique
1071 2960 1241 3043 σαφήνεια
1267 2959 1355 3041 opud
1383 2960 1456 3025 rbe-

174 3072 262 3141 tores
285 3069 443 3144 terminus
470 3088 566 3153 quem
593 3075 711 3138 vocent
746 3067 913 3140 technicns
948 3074 999 3136 est
1033 3074 1068 3137 et
1095 3067 1272 3135 dilucidum
1299 3068 1456 3136 cretionis

174 3194 276 3259 genus
300 3175 465 3260 significet
478 3177 570 3260 opud
593 3176 725 3260 Dionys.
750 3175 823 3243 Hcl.
847 3175 891 3245 ol.

541 3428 825 3526 ΦΕΡΕΓΓΥΟΣ,
842 3440 1088 3544 onumen.

245 3630 247 3635 '
277 3623 386 3689 Etiam
421 3623 488 3691 elia
528 3638 599 3704 vox,
640 3623 834 3706 φερέγγυος,
875 3623 961 3705 opud
988 3621 1193 3705 Aeschylum,
1228 3621 1455 3705 Thucydidem,

171 3731 374 3797 Herodotum
399 3731 494 3798 obvie
517 3730 637 3797 iniuria
652 3730 785 3797 Ionibus
809 3730 887 3798 solis
903 3728 1104 3811 attribuitur,
1130 3748 1201 3796 cum
1224 3730 1332 3812 prisco.
1347 3731 1456 3797 Attice

174 3839 228 3920 sit,
255 3837 293 3905 cl.
319 3837 511 3906 Wittclcind.
537 3857 567 3920 p.
592 3839 645 3903 32.
692 3838 890 3904 Testimonic
912 3838 993 3903 haec
1016 3841 1106 3904 sunt:

278 3946 455 4031 Aeschylus
490 3946 523 4011 in
548 3946 679 4030 Septem
713 3944 847 4012 heroum
882 3945 1053 4029 tragoedis
1087 3944 1233 4027 singulos
1267 3946 1365 4029 viros,
1401 3948 1456 4031 qui

171 4054 321 4122 hostibus
335 4042 386 4121 'ub
410 4054 542 4120 Eteocle
567 4058 784 4137 opponuntur,
811 4053 1019 4136 φερεγγθονς
1041 4058 1146 4136 vocat,
1172 4072 1248 4119 nem
1272 4054 1456 4138 φερέγγυός

173 4162 255 4243 ἐστι,
281 4158 375 4241 ὅσαις
399 4162 495 4245 φέρει
519 4160 649 4243 ἐγγύην,
687 4160 724 4227 cl.
749 4160 889 4244 Hesych.
927 4182 963 4243 φ.
989 4158 1186 4243 ἀξιόπιστος
1213 4159 1376 4244 ἐγγυητής
1399 4162 1456 4226 καί

171 4268 374 4355 βεβαιωτής,
411 4266 537 4352 ἔγγυος,
572 4265 720 4353 βέβαιος.
765 4268 818 4336 1111
854 4269 956 4349 igitur
990 4270 1060 4353 regi
1096 4270 1188 4352 quusi
1212 4270 1352 4351 praedes
1376 4275 1453 4339 sunt

171 4378 336 4460 victoriae,
373 4374 411 4443 cl.
442 4375 531 4459 Sept.
557 4377 622 4441 396
647 4375 739 4463 (379)
765 4378 851 4445 irim.
888 4379 940 4458 τίς
962 4373 1116 4461 Προίτου
1139 4374 1262 4443 πολῶν
1284 4373 1452 4460 κλῄθρων

175 4482 357 4553 λυθέντων
380 4488 589 4568 προστατεῖν
622 4485 857 4569 φερέγγνος;
893 4485 989 4554 simil.
1014 4488 1079 4551 449
1104 4487 1212 4572 (432),
1249 4487 1312 4549 471
1349 4483 1451 4568 (454),

173 4595 237 4658 797
261 4592 355 4678 (780)
386 4593 473 4661 trim.
509 4611 570 4659 nec
603 4593 700 4659 aliter
728 4592 819 4660 Eum.
844 4595 886 4659 87
912 4594 1000 4661 trim.
1034 4591 1161 4676 σθένος
1195 4590 1234 4659 db
1267 4597 1380 4658 ποιεῖν
1414 4589 1452 4662 si
