3475 5250
782 233 980 299 ..8-

243 415 346 482 Rhen.
372 415 414 480 58
438 434 470 497 p.
493 414 556 480 285
571 431 618 497 sq.
677 413 831 482 Mensura
864 442 951 488 -ac
985 414 1073 498 apud
1101 415 1292 499 Aeschylum
1326 418 1437 486 Ionica
1471 422 1523 486 cst

244 524 420 606 cademque
435 521 537 589 forma
553 528 586 587 ct
603 541 753 590 mensura
777 528 866 590 extat
890 524 976 605 apud
998 523 1111 605 Eurip.
1131 523 1203 589 Hel.
1224 527 1308 590 1188
1332 527 1418 592 trim.
1465 525 1520 594 Or.

247 633 309 697 128
338 631 423 697 trim.
453 635 486 696 et
516 630 602 712 apud
629 629 854 696 Archilochum
884 629 944 713 frg.
970 631 1042 696 138.
1094 631 1293 714 Herodotus,
1328 634 1357 699 si
1395 634 1522 718 quidem

245 739 408 806 codicibus
423 736 503 805 fides
518 738 668 805 habenda
685 743 748 820 est,
773 739 827 805 IV.
844 741 886 802 42
911 737 1111 821 οερ1σαντες
1134 738 1273 820 scripsit.
1309 739 1523 823 χειρῶναξ,

245 844 468 937 *χειραράναξ
487 845 596 913 Ionico
620 865 710 913 more
734 851 933 913 contractum
957 846 1102 922 uidetur3
1126 847 1312 914 testimonia
1335 850 1407 915 vide
1434 848 1518 914 inira

246 974 277 1037 p.
302 956 344 1019 50
357 973 403 1034 sq.
463 951 601 1036 ἀεικής
631 954 738 1021 Ρ4544.
764 956 827 1019 525
857 953 949 1040 (527)
985 953 1119 1036 legitur,
1156 955 1233 1019 item
1268 956 1302 1020 in
1337 957 1524 1038 anapaestis

246 1062 352 1128 Prom.
388 1063 444 1141 97,
486 1063 571 1127 1042
611 1060 741 1148 (1041),
782 1067 895 1129 contra
933 1063 966 1127 in
1005 1062 1149 1128 diverbio
1191 1062 1288 1145 αἰκής
1327 1063 1371 1143 (Μ
1411 1062 1526 1147 ἀεικής

248 1176 359 1237 contra
385 1168 537 1255 metrum)
572 1169 678 1236 Prom.
702 1171 766 1235 472
792 1168 895 1256 (474).
942 1170 1044 1236 114445
1074 1190 1093 1234 5
1121 1169 1224 1252 stirpe
1254 1169 1339 1237 ἀεικ-
1367 1169 1526 1238 formatae

247 1276 499 1345 Atheniensibus
527 1276 624 1360 plane
651 1277 793 1359 ignotae,
828 1277 960 1343 Ionibus
988 1277 1129 1344 usitatae
1158 1282 1242 1358 sunt,
1279 1277 1317 1343 ci.
1342 1277 1525 1361 Hoffmann,

249 1407 297 1470 gr.
325 1385 410 1452 Dial.
434 1384 492 1467 ΙΙΙ,
527 1404 558 1467 p.
581 1386 656 1452 325.
714 1385 930 1452 Athenienses
966 1386 1101 1468 stirpem
1137 1386 1335 1452 deminutam
1372 1388 1440 1451 αῑκ-
1472 1386 1527 1450 ad-

248 1494 361 1560 hibere
384 1493 499 1559 solent.
548 1489 667 1573 ξννός
695 1492 806 1575 Suppl.
832 1494 897 1558 367
923 1492 1025 1580 (352),
1061 1492 1155 1576 Sept.
1176 1497 1218 1558 76
1243 1492 1377 1575 ξυνάων
1401 1492 1443 1580 (1)
1466 1493 1526 1575 Arg.

252 1603 342 1667 99.6
372 1600 480 1682 potius
511 1601 544 1667 in
574 1601 764 1684 quaestione
789 1602 828 1666 de
853 1602 946 1683 copia
969 1601 1138 1667 verborum
1163 1602 1363 1668 instituenda
1385 1606 1529 1667 tractan-

252 1710 327 1775 dum
362 1709 436 1772 erit.
483 1706 668 1775 Cottidiano
692 1709 875 1774 Atticorum
910 1710 1049 1774 sermoni
1084 1727 1148 1776 non
1180 1710 1293 1790 ignota
1321 1713 1397 1775 sunt
1419 1707 1528 1788 44455,

253 1835 335 1899 quae
367 1820 503 1899 propter
532 1834 684 1883 sonorum
708 1817 867 1882 rationem
890 1817 1000 1883 Ionica
1023 1818 1175 1883 videntur
1198 1835 1278 1896 4554,
1315 1813 1475 1899 alvarus
1498 1821 1531 1880 et

253 1921 378 2005 auperti
412 1920 565 2006 *παρηιά
600 1921 686 2010 (vide
713 1943 813 2006 supra
841 1922 991 2010 παρηϊς).
1052 1922 1136 2006 δίψη
1173 1930 1281 1991 autem
1306 1923 1447 2004 Ohoeph.
1465 1923 1530 1987 766

254 2029 345 2116 (757)
368 2030 477 2095 Attice
500 2031 608 2112 potuit
630 2029 772 2098 formari.

361 2137 499 2203 Restant
522 2138 668 2220 exempla
692 2157 866 2222 apocopae,
891 2158 987 2221 quam
1010 2140 1183 2222 aliquando
1201 2140 1337 2206 Athenis
1360 2158 1424 2204 non
1440 2138 1531 2219 igno-

257 2249 323 2309 tam
357 2243 456 2310 luisse
492 2246 719 2328 comprobatur
753 2248 882 2313 nomine
917 2266 993 2313 vere
1017 2249 1125 2313 Attico
1163 2244 1367 2328 Ἀνδοκίδης,
1403 2246 1466 2311 4151
1500 2245 1533 2310 in

256 2351 401 2434 pedestri
425 2353 606 2419 Atticorum
634 2372 782 2421 sermone
810 2355 968 2437 paulatim
997 2356 1093 2437 plane
1122 2355 1263 2421 evanuit.
1309 2355 1446 2419 Praeter
1469 2352 1535 2419 Ho-

257 2478 381 2525 merum
403 2461 576 2543 praecipue
600 2462 632 2527 in
656 2463 757 2545 lyrica
779 2463 870 2544 poesi
892 2462 924 2527 in
948 2482 1008 2528 usu
1032 2464 1160 2528 mansit.
1199 2462 1385 2527 Herodotus
1409 2479 1536 2544 quoque

259 2585 329 2633 eam
360 2586 423 2635 non
451 2587 526 2636 raro
558 2569 695 2637 exhibet.
748 2570 786 2636 In
811 2570 960 2653 Aeschyli
992 2571 1144 2637 diverbiis
1171 2571 1393 2652 reperiuntur:
1429 2565 1486 2653 ἄν(
1509 2565 1536 2652 )-

260 2677 350 2741 Pers.
371 2676 443 2751 455,
469 2678 531 2743 554
557 2675 659 2764 (raa),
683 2677 772 2760 sept.
790 2680 854 2742 455
879 2676 981 2763 (445),
1007 2678 1070 2743 555
1095 2676 1197 2763 (545),
1220 2677 1325 2743 arom.
1344 2660 1537 2760 5451545),

261 2786 326 2849 456
351 2782 453 2870 (459),
477 2787 540 2850 707
566 2784 668 2871 (705),
695 2789 755 2850 791
783 2784 885 2871 (789),
910 2786 969 2867 Ag.
996 2790 1026 2868 7,
1052 2788 1103 2859 27,
1130 2786 1193 2849 905
1219 2782 1321 2869 (292),
1346 2785 1410 2847 340
1435 2781 1537 2868 (327),

264 2894 349 2957 1180
366 2890 490 2979 (1134),
511 2896 594 2958 1599
613 2892 739 2981 (1570),
765 2893 906 2976 Choeph.
926 2895 990 2958 280
1007 2891 1110 2978 (272),
1128 2895 1192 2958 282
1209 2890 1311 2976 (274),
1334 2889 1394 2971 irg.
1413 2891 1488 2954 300.
1504 2892 1537 2968 7;

262 3000 343 3065 mire
383 2997 461 3063 ἀνα·
500 3000 533 3066 in
572 3001 638 3067 arsi
677 3006 825 3067 servatur
863 3002 952 3066 Pers.
979 3003 1036 3064 621
1075 2998 1180 3084 (619),
1225 2998 1315 3063 Eum.
1341 2998 1405 3061 243
1435 2995 1539 3081 (241).

262 3104 449 3172 κατθανεῖν
483 3108 541 3189 Ag.
568 3109 631 3173 873
656 3106 758 3194 (837),
798 3110 881 3174 1303
907 3106 1032 3194 (1257),
1069 3102 1432 3189 comparatum),
1468 3100 1538 3185 πὰρ

263 3214 342 3295 Διός
365 3215 456 3280 Eum.
475 3217 538 3280 229
564 3214 666 3301 (227),
690 3213 871 3299 onerabo
895 3215 1055 3283 15141768
1080 3212 1181 3300 (758).

371 3323 534 3406 Exemplis
558 3324 659 3405 igitur
682 3324 762 3389 satis
786 3323 896 3390 multis
921 3324 1162 3388 demonstratur
1184 3340 1364 3388 sermonem
1387 3325 1424 3386 ut
1440 3319 1541 3384 canti·

266 3450 385 3511 corum,
410 3432 457 3497 ita
481 3431 697 3497 diverbiorum
720 3431 908 3515 tragoediae
919 3432 1052 3514 ¹Atticae
1074 3430 1277 3496 commixtum
1300 3447 1371 3495 esse
1389 3447 1427 3492 ex
1442 3427 1541 3492 variis

267 3540 445 3619 elementis,
475 3558 611 3621 quorum
638 3540 725 3604 haud
749 3540 865 3620 exigua
888 3558 964 3620 pars
988 3539 1115 3603 lonicae
1139 3537 1227 3620 genti
1250 3535 1458 3601 attribuenda
1482 3539 1540 3599 est.

266 3647 431 3713 Accedunt
454 3647 587 3713 Ionismi
616 3647 763 3730 exempla
792 3647 854 3712 duo
883 3647 1074 3729 gravissima
1102 3646 1135 3710 in
1164 3644 1345 3727 fragmento
1370 3640 1542 3724 Phrynichi

267 3738 432 3821 aDielsio
461 3772 564 3836 nuper
596 3754 630 3819 in
658 3773 738 3819 mus.
763 3754 865 3819 Rhen.
892 3756 944 3838 56,
968 3773 999 3836 p.
1019 3756 1059 3818 29
1091 3752 1275 3819 admirabili
1304 3769 1374 3816 cum
1399 3749 1543 3813 acumine

267 3863 435 3929 restituto:

482 4039 518 4121 ἐς
542 4037 579 4104 δὲ
602 4039 756 4123 αρῙωΐην
780 4038 919 4123 doctriua
934 4037 1107 4119 πλείο[νες
1131 4035 1333 4126 δισμνρῘ1ων

481 4144 603 4230 ἅνὸρες
626 4146 815 4211 ἐκτείνοντο
838 4146 911 4231 [καὶ
933 4148 1006 4230 τρὶς
1030 4144 1152 4230 ὀψῼην
1176 4143 1212 4224 ἐς
1235 4142 1376 4226 ὄειέλην.

374 4394 423 4460 Ex
457 4416 519 4479 quo
556 4395 694 4464 efficitur
721 4397 831 4463 Ionica
862 4396 1021 4464 elementa
1048 4396 1081 4460 in
1110 4393 1343 4478 antiquissimis
1366 4393 1545 4475 tragoediis

270 4502 368 4568 etiam
391 4504 523 4570 maioris
546 4505 700 4572 momenti
724 4504 823 4571 fuisse
847 4522 943 4587 quam
967 4503 1053 4584 apud
1075 4502 1274 4599 Aeschylum.
