3475 5250
825 276 1050 340 ...60-

402 454 633 522 Gravissimum
650 453 751 537 igitur
769 455 832 522 erit
853 473 1058 539 cognoscere,
1081 455 1187 538 qualis
1208 473 1314 521 sermo
1331 453 1578 521 Atheniensium

293 561 464 630 familiaris
500 567 592 629 sexto
628 562 757 628 saeculo
799 563 907 630 luerit.
969 565 1031 644 Qui
1070 583 1141 630 cnm
1179 568 1312 646 praeter
1345 563 1579 629 minutissimas

293 670 403 737 fictilis
427 671 535 754 operis
565 671 793 753 inscriptiones
824 673 969 754 perierit,
1008 672 1238 738 instaurandus
1274 671 1367 737 nobis
1392 680 1444 738 est
1478 672 1579 755 scrip-

293 783 399 844 torum
435 778 565 860 anxilio,
602 796 739 861 quorum
774 778 850 845 libri
886 782 1008 847 serrati
1043 785 1128 862 sunt,
1165 798 1236 845 cum
1270 798 1335 845 non
1369 780 1579 863 neglegamus

293 891 424 970 praeter
448 887 564 970 exigua
588 885 713 953 Cratini
748 888 949 971 aliorumque
972 887 1157 971 fragmenta
1184 887 1441 954 vetustissimum
1466 904 1578 954 eorum

292 994 543 1077 Aristophanem
584 1012 647 1060 uno
682 993 752 1062 iere
787 996 917 1062 sacculo
952 1001 1028 1080 post
1063 999 1174 1062 natam
1208 996 1413 1076 tragoediam
1449 997 1579 1062 vixisse.

200 1175 202 1180 ,
293 1101 488 1170 (lautissime
511 1101 614 1185 igitur
636 1102 687 1169 vel
711 1103 744 1184 ii,
769 1103 824 1186 qui
850 1104 1059 1187 incorruptae
1081 1103 1225 1170 Atthidis
1253 1108 1356 1170 testes
1381 1103 1576 1186 iudicantur,

292 1209 465 1277 adhibendi
489 1215 578 1290 sunt;
611 1209 713 1278 multo
752 1229 828 1278 vero
864 1218 916 1278 est
939 1213 1102 1294 spinosior
1125 1211 1273 1294 quaestio
1299 1216 1334 1278 et
1356 1211 1510 1277 nodosior
1534 1212 1574 1277 de

292 1316 506 1399 incunabulis,
532 1321 568 1384 ut
589 1317 637 1383 ita
654 1318 768 1402 dicam,
792 1318 955 1402 pedestris
972 1319 1141 1403 orationis,
1166 1319 1238 1386 dico
1256 1338 1326 1385 cum
1344 1318 1577 1401 Antiphontem

292 1426 427 1508 eiusque
464 1425 625 1509 aequales,
662 1431 730 1492 tum
767 1426 1040 1510 Thucydidem.
1087 1428 1130 1493 ht
1164 1427 1201 1504 is,
1237 1427 1314 1511 quia
1351 1426 1578 1494 inscribendo

292 1552 473 1602 sermonem
508 1551 567 1600 sua
590 1537 699 1600 aetate
728 1535 946 1619 antiquiorem
980 1535 1168 1603 adhibuisse
1190 1536 1328 1619 videtur,
1364 1535 1496 1601 minime
1518 1555 1575 1602 ne-

292 1643 471 1727 glegendus
506 1643 612 1709 estin
636 1641 813 1710 reficienda
841 1642 1119 1727 priscahtthide,
1155 1644 1198 1725 id,
1235 1643 1321 1727 quod
1344 1643 1578 1710 Wittelrindins

292 1751 313 1817 l.
331 1769 356 1820 c.
381 1749 468 1832 iecit,
492 1751 566 1818 ideo
582 1751 669 1835 quod
684 1770 778 1818 nemo
797 1751 902 1818 adhuc
927 1756 988 1834 est,
1013 1752 1068 1835 qui
1089 1751 1254 1833 statuerit,
1279 1767 1438 1835 quaenam
1462 1769 1579 1816 revera

293 1859 454 1926 elementa
477 1866 587 1926 essent
624 1859 693 1927 eius
717 1859 879 1927 dictionis.
926 1860 1016 1939 Quae
1051 1878 1123 1926 cum
1153 1860 1201 1926 ita
1224 1859 1301 1942 sint,
1336 1876 1441 1942 panca
1475 1858 1515 1925 de
1540 1878 1578 1926 eo

293 1967 507 2050 disputationi
529 1968 780 2050 praemittimus.

398 2074 629 2142 Iudicauerunt
663 2076 704 2142 de
727 2074 922 2158 Thucydidis
952 2078 1023 2140 arte
1055 2074 1117 2142 viri
1141 2073 1333 2156 doctissimi,
1369 2092 1506 2156 quorum
1529 2074 1578 2139 iu·

293 2183 377 2252 dicia
413 2181 619 2251 conferantur
654 2183 684 2249 N
690 2183 847 2250 ordenii
893 2184 927 2249 in
967 2182 1067 2252 libro:
1106 2183 1168 2248 Die
1212 2182 1324 2249 antike
1357 2181 1574 2265 Kunstprosa,

290 2291 422 2376 Lipsiae
448 2292 544 2373 1898,
569 2311 601 2374 p.
627 2293 680 2373 96,
716 2291 850 2357 Blasii
874 2292 907 2357 in
931 2291 1032 2357 libro:
1068 2291 1129 2357 Die
1153 2290 1294 2357 attische
1316 2289 1572 2371 Beredsamheit,

290 2400 420 2483 Lipsiae
447 2401 543 2482 1887,
567 2397 629 2482 11²,
654 2420 685 2483 p.
711 2401 788 2475 210,
817 2399 976 2467 Stahlii
999 2401 1031 2464 in
1057 2399 1211 2465 editionis
1234 2397 1439 2481 praefatione
1462 2418 1494 2481 p.
1519 2400 1574 2480 22,

290 2506 623 2591 Wackernagelii
658 2509 691 2574 in
715 2507 813 2575 libro:
850 2507 971 2574 Kultur
999 2507 1058 2573 der
1082 2507 1286 2590 Gegenuart,
1322 2507 1347 2574 l.
1374 2508 1404 2588 8,
1440 2528 1472 2591 p.
1498 2509 1575 2572 294.

291 2616 529 2684 Gravissimum
553 2621 662 2684 autem
686 2616 765 2683 mihi
789 2616 962 2684 videbatur
986 2635 1058 2684 esse
1082 2613 1380 2683 Wilamowitaii
1408 2615 1573 2699 iudicium,

290 2725 376 2807 quod
412 2726 445 2791 in
481 2725 703 2808 disputatione
737 2726 816 2808 περὶ
849 2724 1174 2807 μεταγραψαμένων
1214 2724 1393 2807 composita
1430 2724 1574 2806 scripsit

290 2831 406 2899 Philol.
430 2832 560 2899 Unters.
584 2833 656 2915 VII,
681 2850 713 2916 p.
735 2832 820 2898 313:
853 2832 898 2899 Es
921 2833 965 2898 ist
990 2832 1063 2898 eine
1087 2831 1206 2898 schdne
1230 2830 1386 2914 Auigabe,
1413 2832 1475 2898 den
1498 2832 1575 2898 Ein-

290 2938 364 3005 fluls
388 2940 495 3007 dieser
519 2939 662 3023 Sprache
686 2940 858 3024 (sermonis
883 2940 1014 3025 tragici)
1038 2939 1096 3006 auf
1117 2942 1178 3008 den
1194 2940 1401 3007 Wortschata
1424 2941 1490 3007 und
1512 2941 1575 3006 den

291 3048 353 3115 Stil
377 3049 434 3115 der
451 3048 609 3129 Gorgieer
632 3048 733 3133 (inter
757 3068 841 3132 quos
864 3048 1003 3132 putandi
1026 3054 1104 3115 sunt
1120 3048 1323 3131 Thucydides
1347 3053 1381 3114 et
1397 3047 1577 3135 Antiphon)

291 3176 331 3222 zu
354 3155 532 3241 veriolgen.
579 3155 636 3222 Ihr
661 3156 782 3240 Ertrag
816 3155 897 3221 wird
931 3161 1030 3222 unter
1054 3156 1207 3223 auderem
1231 3156 1289 3222 der
1312 3156 1392 3235 sein,
1428 3154 1499 3222 dals
1523 3156 1577 3225 die

289 3265 510 3347 danisman,
547 3314 556 3330 .
581 3314 589 3329 .
615 3316 622 3330 .
648 3313 656 3328 .
681 3264 730 3331 als
755 3263 990 3346 gemeinsames
1014 3263 1081 3330 Gut
1116 3264 1173 3329 der
1197 3262 1381 3329 erhabeuen
1405 3264 1495 3331 Rede
1518 3264 1577 3331 des

290 3371 414 3440 finften
465 3372 705 3440 Jahrhunderts
758 3371 958 3453 erscheinen,
1017 3370 1056 3437 cf.
1106 3370 1222 3437 Dielsii
1274 3372 1577 3439 commentationem

293 3480 511 3565 Sitzungsber.
532 3481 561 3547 d.
580 3481 666 3548 Berl.
683 3480 786 3548 Akad.
808 3481 904 3546 1884.
934 3482 948 3543 1
975 3498 1007 3562 p.
1033 3480 1178 3563 343sqq.
1195 3480 1237 3545 ad
1253 3479 1314 3545 loc.
1332 3479 1479 3547 Menonis
1496 3480 1574 3545 teli

292 3590 332 3657 de
355 3589 632 3657 vicissitudinibus
656 3589 743 3656 inter
759 3589 901 3673 Gorgiae
918 3587 1093 3655 dictionem
1116 3594 1151 3654 et
1173 3586 1316 3670 tragicos
1339 3592 1464 3670 poetas.
1506 3590 1575 3668 Quo

237 3725 239 3728 ·
292 3718 354 3781 quo
379 3702 489 3765 autem
511 3698 607 3764 modo
631 3715 683 3764 res
708 3714 744 3764 se
766 3696 877 3779 hahet,
912 3702 1059 3761 nostrum
1082 3715 1147 3762 non
1170 3699 1223 3762 est
1244 3695 1469 3778 quaestionem
1493 3696 1575 3764 adeo

292 3806 425 3872 arduam
449 3805 605 3871 hocloco
629 3804 723 3888 qnasi
739 3804 889 3871 ludentes
914 3804 1102 3884 diiudicare,
1127 3803 1333 3869 iudicandum
1348 3808 1457 3869 tamen
1482 3805 1576 3871 nobis

292 3914 333 3981 dc
355 3914 396 3981 iis
421 3912 696 3997 disputationibus
721 3919 782 3995 est,
808 3913 840 3978 in
865 3912 982 3995 quibus
999 3930 1019 3977 a
1034 3912 1114 3979 viris
1136 3912 1239 3978 doctis
1255 3912 1437 3995 quaesitum
1462 3918 1513 3979 est
1536 3913 1577 3978 de

292 4016 385 4106 copie
419 4022 592 4089 verborum
616 4021 811 4105 Thucydidis
846 4039 907 4088 nec
941 4040 1005 4087 non
1042 4020 1263 4103 Antiphontis.
1311 4020 1453 4099 Quarum
1488 4020 1575 4086 loon·

291 4130 473 4214 pletissima
501 4135 560 4211 est,
597 4148 693 4213 quam
724 4128 918 4212 conscripsit
941 4128 979 4195 0.
1004 4128 1154 4194 Diener
1188 4129 1250 4207 ,de
1279 4146 1429 4196 sermone
1453 4128 1577 4211 Thucy·

292 4238 386 4320 didis,
423 4243 582 4321 quatenus
621 4256 691 4303 cum
720 4236 890 4303 Herodoto
926 4253 1106 4318 congruens
1142 4234 1272 4303 differat
1307 4255 1327 4300 a
1362 4236 1576 4319 scriptoribus

293 4348 443 4423 Atticis“,
469 4348 545 4413 diss.
562 4346 650 4429 Lips.
668 4347 763 4424 1889,
784 4344 986 4427 singularum
1009 4362 1122 4409 vocum
1146 4344 1334 4417 memoriam
1358 4343 1478 4426 insigni
1503 4364 1574 4411 cum

292 4454 452 4522 industria
502 4452 675 4537 colligens,
724 4472 862 4536 quocum
913 4452 1023 4519 libello
1071 4452 1334 4519 Wittelrindii
1385 4453 1575 4521 dissertatio

294 4563 491 4631 conferatur.
540 4563 623 4629 Nam
657 4562 720 4645 hic,
757 4581 829 4631 cum
858 4561 893 4627 iu
932 4560 1145 4629 examinando
1181 4567 1214 4629 et
1252 4562 1377 4644 tragico
1401 4566 1436 4627 et
1471 4561 1575 4629 Hero·
