<?xml version="1.0" encoding="UTF-8"?>
<!DOCTYPE html PUBLIC "-//W3C//DTD XHTML 1.0 Transitional//EN"
    "http://www.w3.org/TR/xhtml1/DTD/xhtml1-transitional.dtd">
<html xmlns="http://www.w3.org/1999/xhtml" xml:lang="en" lang="en">
 <head>
  <title>
</title>
<meta http-equiv="Content-Type" content="text/html;charset=utf-8" />
  <meta name='ocr-system' content='tesseract 3.04.00' />
  <meta name='ocr-capabilities' content='ocr_page ocr_carea ocr_par ocr_line ocrx_word'/>
</head>
<body>
  <div class='ocr_page' id='page_1' title='image "./deaeschylicopia02alygoog_0032.png"; bbox 0 0 3475 5250; ppageno 0'>
   <div class='ocr_carea' id='block_1_1' title="bbox 824 288 1047 388">
    <p class='ocr_par' dir='ltr' id='par_1_1' title="bbox 824 288 1047 388">
     <span class='ocr_line' id='line_1_1' title="bbox 824 288 1047 388; baseline 0.009 -18"><span class='ocrx_word' id='word_1_1' title='bbox 824 288 1047 388; x_wconf 58' lang='grc' dir='ltr'><strong><em>-γγζ,</em></strong></span> 
     </span>
    </p>
   </div>
   <div class='ocr_carea' id='block_1_2' title="bbox 299 499 1579 4670">
    <p class='ocr_par' dir='ltr' id='par_1_2' title="bbox 300 499 1572 695">
     <span class='ocr_line' id='line_1_2' title="bbox 300 499 1570 588; baseline 0.001 -20"><span class='ocrx_word' id='word_1_2' title='bbox 300 503 550 586; x_wconf 83' lang='grc' dir='ltr'><strong><em>παραπτομένα</em></strong></span> <span class='ocrx_word' id='word_1_3' title='bbox 572 500 688 567; x_wconf 81' lang='grc' dir='ltr'><em>πλάτα</em></span> <span class='ocrx_word' id='word_1_4' title='bbox 709 501 869 586; x_wconf 80' lang='grc' dir='ltr'><strong><em>όρῴσκει.</em></strong></span> <span class='ocrx_word' id='word_1_5' title='bbox 906 504 981 572; x_wconf 84' lang='lat' dir='ltr'>Ant.</span> <span class='ocrx_word' id='word_1_6' title='bbox 1001 504 1085 570; x_wconf 85' lang='grc'><strong>1137</strong></span> <span class='ocrx_word' id='word_1_7' title='bbox 1102 502 1189 571; x_wconf 89' lang='lat' dir='ltr'>chor.</span> <span class='ocrx_word' id='word_1_8' title='bbox 1213 501 1278 568; x_wconf 88' lang='grc' dir='ltr'>τὰν</span> <span class='ocrx_word' id='word_1_9' title='bbox 1293 499 1446 585; x_wconf 78' lang='grc' dir='ltr'><strong><em>ἔκπαγλα</em></strong></span> <span class='ocrx_word' id='word_1_10' title='bbox 1461 507 1570 588; x_wconf 77' lang='grc' dir='ltr'><strong><em>τιμᾷς.</em></strong></span> 
     </span>
     <span class='ocr_line' id='line_1_3' title="bbox 300 607 1572 695; baseline 0 -19"><span class='ocrx_word' id='word_1_11' title='bbox 300 609 352 694; x_wconf 87' lang='lat' dir='ltr'>(ci.</span> <span class='ocrx_word' id='word_1_12' title='bbox 370 608 402 674; x_wconf 81' lang='grc' dir='ltr'><em>Γ</em></span> <span class='ocrx_word' id='word_1_13' title='bbox 413 613 489 690; x_wconf 82' lang='grc'>415,</span> <span class='ocrx_word' id='word_1_14' title='bbox 505 607 538 674; x_wconf 83' lang='grc' dir='ltr'><em>Ε</em></span> <span class='ocrx_word' id='word_1_15' title='bbox 551 610 640 693; x_wconf 88' lang='grc'>423).</span> <span class='ocrx_word' id='word_1_16' title='bbox 675 611 724 677; x_wconf 90' lang='lat' dir='ltr'>El.</span> <span class='ocrx_word' id='word_1_17' title='bbox 743 613 807 677; x_wconf 86' lang='grc'>204</span> <span class='ocrx_word' id='word_1_18' title='bbox 824 613 910 678; x_wconf 91' lang='lat' dir='ltr'>chor.</span> <span class='ocrx_word' id='word_1_19' title='bbox 928 610 957 676; x_wconf 80' lang='grc' dir='ltr'><strong>ὦ</strong></span> <span class='ocrx_word' id='word_1_20' title='bbox 974 608 1123 676; x_wconf 82' lang='grc' dir='ltr'><strong><em>ὁεύπνων</em></strong></span> <span class='ocrx_word' id='word_1_21' title='bbox 1139 610 1298 694; x_wconf 75' lang='grc' dir='ltr'><strong><em>ἀρρήτων</em></strong></span> <span class='ocrx_word' id='word_1_22' title='bbox 1315 609 1454 695; x_wconf 80' lang='grc' dir='ltr'><em>ἔκπαγλ’</em></span> <span class='ocrx_word' id='word_1_23' title='bbox 1468 609 1572 694; x_wconf 62' lang='lat' dir='ltr'>exeo.</span> 
     </span>
    </p>

    <p class='ocr_par' dir='ltr' id='par_1_3' title="bbox 301 717 1571 909">
     <span class='ocr_line' id='line_1_4' title="bbox 405 717 1571 802; baseline 0.002 -20"><span class='ocrx_word' id='word_1_24' title='bbox 405 717 501 800; x_wconf 83' lang='lat' dir='ltr'>Apud</span> <span class='ocrx_word' id='word_1_25' title='bbox 523 719 677 784; x_wconf 86' lang='lat' dir='ltr'>Atticos</span> <span class='ocrx_word' id='word_1_26' title='bbox 700 738 761 784; x_wconf 85' lang='lat' dir='ltr'>vox</span> <span class='ocrx_word' id='word_1_27' title='bbox 784 720 817 784; x_wconf 95' lang='lat' dir='ltr'>in</span> <span class='ocrx_word' id='word_1_28' title='bbox 840 739 901 786; x_wconf 91' lang='lat' dir='ltr'>usu</span> <span class='ocrx_word' id='word_1_29' title='bbox 923 739 987 785; x_wconf 94' lang='lat' dir='ltr'>non</span> <span class='ocrx_word' id='word_1_30' title='bbox 1009 718 1082 801; x_wconf 85' lang='lat' dir='ltr'>init,</span> <span class='ocrx_word' id='word_1_31' title='bbox 1107 739 1181 785; x_wconf 88' lang='lat' dir='ltr'>nam</span> <span class='ocrx_word' id='word_1_32' title='bbox 1196 720 1343 802; x_wconf 87' lang='lat' dir='ltr'>Xenoph.</span> <span class='ocrx_word' id='word_1_33' title='bbox 1360 720 1449 784; x_wconf 85' lang='lat' dir='ltr'><strong>Hier.</strong></span> <span class='ocrx_word' id='word_1_34' title='bbox 1469 724 1520 783; x_wconf 94' lang='grc'>11.</span> <span class='ocrx_word' id='word_1_35' title='bbox 1534 721 1571 784; x_wconf 87' lang='lat'>3:</span> 
     </span>
     <span class='ocr_line' id='line_1_5' title="bbox 301 822 1391 909; baseline 0 -19"><span class='ocrx_word' id='word_1_36' title='bbox 301 822 497 906; x_wconf 84' lang='grc' dir='ltr'><strong><em>ὅπλοις...</em></strong></span> <span class='ocrx_word' id='word_1_37' title='bbox 522 829 595 905; x_wconf 89' lang='grc' dir='ltr'><strong><em>τοῖς</em></strong></span> <span class='ocrx_word' id='word_1_38' title='bbox 618 823 885 907; x_wconf 86' lang='grc' dir='ltr'><strong><em>ἐκπαγλστάτοις</em></strong></span> <span class='ocrx_word' id='word_1_39' title='bbox 907 828 1069 909; x_wconf 88' lang='lat' dir='ltr'>poeticum</span> <span class='ocrx_word' id='word_1_40' title='bbox 1091 846 1271 893; x_wconf 91' lang='lat' dir='ltr'>sermonem</span> <span class='ocrx_word' id='word_1_41' title='bbox 1294 826 1391 909; x_wconf 88' lang='lat' dir='ltr'>sapit.</span> 
     </span>
    </p>

    <p class='ocr_par' dir='ltr' id='par_1_4' title="bbox 300 933 1574 1449">
     <span class='ocr_line' id='line_1_6' title="bbox 407 933 1573 1019; baseline 0.003 -22"><span class='ocrx_word' id='word_1_42' title='bbox 407 933 501 1015; x_wconf 86' lang='lat' dir='ltr'><strong>Apud</strong></span> <span class='ocrx_word' id='word_1_43' title='bbox 513 933 623 998; x_wconf 91' lang='lat' dir='ltr'>Iones</span> <span class='ocrx_word' id='word_1_44' title='bbox 636 937 745 999; x_wconf 90' lang='lat' dir='ltr'>autem</span> <span class='ocrx_word' id='word_1_45' title='bbox 756 934 943 1000; x_wconf 85' lang='lat' dir='ltr'><strong>adverbium</strong></span> <span class='ocrx_word' id='word_1_46' title='bbox 954 954 1051 1001; x_wconf 89' lang='lat' dir='ltr'>sensn</span> <span class='ocrx_word' id='word_1_47' title='bbox 1065 935 1184 1000; x_wconf 88' lang='lat' dir='ltr'>detrito</span> <span class='ocrx_word' id='word_1_48' title='bbox 1197 934 1393 1017; x_wconf 86' lang='lat' dir='ltr'>pro„valde“</span> <span class='ocrx_word' id='word_1_49' title='bbox 1409 933 1573 1019; x_wconf 84' lang='grc' dir='ltr'><strong><em>(σφόὸρσ)</em></strong></span> 
     </span>
     <span class='ocr_line' id='line_1_7' title="bbox 300 1039 1574 1124; baseline -0.001 -17"><span class='ocrx_word' id='word_1_50' title='bbox 300 1043 334 1107; x_wconf 95' lang='lat' dir='ltr'>in</span> <span class='ocrx_word' id='word_1_51' title='bbox 356 1060 417 1107; x_wconf 87' lang='lat' dir='ltr'>usu</span> <span class='ocrx_word' id='word_1_52' title='bbox 439 1042 567 1120; x_wconf 83' lang='lat' dir='ltr'>mansit,</span> <span class='ocrx_word' id='word_1_53' title='bbox 593 1039 631 1107; x_wconf 88' lang='lat' dir='ltr'>ci.</span> <span class='ocrx_word' id='word_1_54' title='bbox 648 1041 802 1123; x_wconf 90' lang='lat' dir='ltr'>Hippocr.</span> <span class='ocrx_word' id='word_1_55' title='bbox 826 1063 897 1122; x_wconf 87' lang='grc' dir='ltr'><strong><em>γον.</em></strong></span> <span class='ocrx_word' id='word_1_56' title='bbox 915 1040 946 1106; x_wconf 91' lang='grc' dir='ltr'>α’</span> <span class='ocrx_word' id='word_1_57' title='bbox 961 1044 993 1121; x_wconf 87' lang='lat'>3,</span> <span class='ocrx_word' id='word_1_58' title='bbox 1016 1043 1051 1108; x_wconf 91' lang='lat' dir='ltr'>L.</span> <span class='ocrx_word' id='word_1_59' title='bbox 1069 1042 1156 1108; x_wconf 85' lang='lat' dir='ltr'><strong>VIII.</strong></span> <span class='ocrx_word' id='word_1_60' title='bbox 1175 1044 1216 1106; x_wconf 88' lang='grc'>22</span> <span class='ocrx_word' id='word_1_61' title='bbox 1241 1043 1298 1106; x_wconf 89' lang='grc' dir='ltr'><strong><em>καὶ</em></strong></span> <span class='ocrx_word' id='word_1_62' title='bbox 1320 1041 1383 1123; x_wconf 87' lang='grc' dir='ltr'>τὰς</span> <span class='ocrx_word' id='word_1_63' title='bbox 1405 1041 1499 1124; x_wconf 77' lang='grc' dir='ltr'><strong><em>ἰξύας</em></strong></span> <span class='ocrx_word' id='word_1_64' title='bbox 1521 1041 1574 1106; x_wconf 82' lang='grc' dir='ltr'><strong><em>έκ-</em></strong></span> 
     </span>
     <span class='ocr_line' id='line_1_8' title="bbox 300 1146 1573 1232; baseline 0.001 -19"><span class='ocrx_word' id='word_1_65' title='bbox 300 1146 441 1231; x_wconf 90' lang='grc' dir='ltr'><strong><em>πάγλως</em></strong></span> <span class='ocrx_word' id='word_1_66' title='bbox 471 1148 595 1228; x_wconf 91' lang='grc' dir='ltr'><strong><em>πανέει,</em></strong></span> <span class='ocrx_word' id='word_1_67' title='bbox 630 1169 701 1228; x_wconf 86' lang='grc' dir='ltr'><strong><em>γον.</em></strong></span> <span class='ocrx_word' id='word_1_68' title='bbox 725 1146 757 1231; x_wconf 85' lang='grc' dir='ltr'>β’</span> <span class='ocrx_word' id='word_1_69' title='bbox 782 1152 855 1228; x_wconf 91' lang='grc'>171,</span> <span class='ocrx_word' id='word_1_70' title='bbox 891 1150 928 1214; x_wconf 91' lang='lat' dir='ltr'>L.</span> <span class='ocrx_word' id='word_1_71' title='bbox 945 1150 1032 1216; x_wconf 87' lang='lat' dir='ltr'><strong>VIII.</strong></span> <span class='ocrx_word' id='word_1_72' title='bbox 1049 1151 1115 1214; x_wconf 84' lang='grc'>352</span> <span class='ocrx_word' id='word_1_73' title='bbox 1138 1148 1182 1213; x_wconf 87' lang='grc' dir='ltr'>τὰ</span> <span class='ocrx_word' id='word_1_74' title='bbox 1204 1149 1294 1232; x_wconf 80' lang='grc' dir='ltr'><strong><em>ἀμφὶ</em></strong></span> <span class='ocrx_word' id='word_1_75' title='bbox 1316 1148 1360 1214; x_wconf 88' lang='grc' dir='ltr'>τὰ</span> <span class='ocrx_word' id='word_1_76' title='bbox 1383 1148 1498 1215; x_wconf 85' lang='grc' dir='ltr'><strong><em>αλόσῖα</em></strong></span> <span class='ocrx_word' id='word_1_77' title='bbox 1520 1150 1573 1214; x_wconf 86' lang='grc' dir='ltr'>ἐκ-</span> 
     </span>
     <span class='ocr_line' id='line_1_9' title="bbox 301 1254 1572 1341; baseline 0.002 -21"><span class='ocrx_word' id='word_1_78' title='bbox 301 1254 441 1336; x_wconf 85' lang='grc' dir='ltr'><strong><em>πάγλως</em></strong></span> <span class='ocrx_word' id='word_1_79' title='bbox 461 1255 607 1335; x_wconf 82' lang='grc' dir='ltr'><strong><em>αύύεται,</em></strong></span> <span class='ocrx_word' id='word_1_80' title='bbox 631 1257 730 1321; x_wconf 90' lang='lat' dir='ltr'>bisin</span> <span class='ocrx_word' id='word_1_81' title='bbox 748 1257 905 1338; x_wconf 90' lang='lat' dir='ltr'>epistulis.</span> <span class='ocrx_word' id='word_1_82' title='bbox 942 1259 1090 1341; x_wconf 88' lang='lat' dir='ltr'>Denique</span> <span class='ocrx_word' id='word_1_83' title='bbox 1105 1258 1314 1323; x_wconf 84' lang='lat' dir='ltr'>Alexandrini</span> <span class='ocrx_word' id='word_1_84' title='bbox 1329 1263 1447 1338; x_wconf 92' lang='lat' dir='ltr'>poetae</span> <span class='ocrx_word' id='word_1_85' title='bbox 1462 1276 1572 1324; x_wconf 83' lang='lat' dir='ltr'>uocem</span> 
     </span>
     <span class='ocr_line' id='line_1_10' title="bbox 300 1365 1198 1449; baseline 0 -20"><span class='ocrx_word' id='word_1_86' title='bbox 300 1369 502 1447; x_wconf 89' lang='lat' dir='ltr'>receperunt,</span> <span class='ocrx_word' id='word_1_87' title='bbox 525 1365 560 1429; x_wconf 94' lang='lat' dir='ltr'>in</span> <span class='ocrx_word' id='word_1_88' title='bbox 583 1365 694 1446; x_wconf 89' lang='lat' dir='ltr'>lingua</span> <span class='ocrx_word' id='word_1_89' title='bbox 718 1365 879 1449; x_wconf 91' lang='lat' dir='ltr'>communi</span> <span class='ocrx_word' id='word_1_90' title='bbox 901 1384 972 1432; x_wconf 95' lang='lat' dir='ltr'>eam</span> <span class='ocrx_word' id='word_1_91' title='bbox 995 1385 1058 1431; x_wconf 95' lang='lat' dir='ltr'>non</span> <span class='ocrx_word' id='word_1_92' title='bbox 1081 1365 1198 1430; x_wconf 85' lang='lat' dir='ltr'>inveni.</span> 
     </span>
    </p>

    <p class='ocr_par' dir='ltr' id='par_1_5' title="bbox 300 1471 1574 1769">
     <span class='ocr_line' id='line_1_11' title="bbox 406 1471 1573 1554; baseline -0.002 -17"><span class='ocrx_word' id='word_1_93' title='bbox 406 1471 477 1537; x_wconf 85' lang='lat' dir='ltr'>Vox</span> <span class='ocrx_word' id='word_1_94' title='bbox 499 1491 575 1537; x_wconf 90' lang='lat' dir='ltr'>num</span> <span class='ocrx_word' id='word_1_95' title='bbox 598 1473 700 1538; x_wconf 85' lang='lat' dir='ltr'>veteri</span> <span class='ocrx_word' id='word_1_96' title='bbox 722 1472 851 1538; x_wconf 82' lang='lat' dir='ltr'>Atthidi</span> <span class='ocrx_word' id='word_1_97' title='bbox 874 1479 952 1539; x_wconf 88' lang='lat' dir='ltr'>nota</span> <span class='ocrx_word' id='word_1_98' title='bbox 974 1472 1083 1552; x_wconf 86' lang='lat' dir='ltr'>fuerit,</span> <span class='ocrx_word' id='word_1_99' title='bbox 1114 1473 1285 1552; x_wconf 85' lang='lat' dir='ltr'>nescimus,</span> <span class='ocrx_word' id='word_1_100' title='bbox 1314 1472 1347 1536; x_wconf 93' lang='lat' dir='ltr'>in</span> <span class='ocrx_word' id='word_1_101' title='bbox 1371 1472 1573 1554; x_wconf 88' lang='lat' dir='ltr'>tragoediam</span> 
     </span>
     <span class='ocr_line' id='line_1_12' title="bbox 301 1576 1574 1662; baseline -0.001 -17"><span class='ocrx_word' id='word_1_102' title='bbox 301 1584 358 1646; x_wconf 90' lang='lat' dir='ltr'>aut</span> <span class='ocrx_word' id='word_1_103' title='bbox 392 1578 509 1662; x_wconf 88' lang='lat' dir='ltr'>ubique</span> <span class='ocrx_word' id='word_1_104' title='bbox 544 1583 602 1645; x_wconf 91' lang='lat' dir='ltr'>aut</span> <span class='ocrx_word' id='word_1_105' title='bbox 636 1584 723 1646; x_wconf 91' lang='lat' dir='ltr'>certe</span> <span class='ocrx_word' id='word_1_106' title='bbox 757 1580 919 1646; x_wconf 85' lang='lat' dir='ltr'>nonnullis</span> <span class='ocrx_word' id='word_1_107' title='bbox 953 1580 1033 1645; x_wconf 91' lang='lat' dir='ltr'>locis</span> <span class='ocrx_word' id='word_1_108' title='bbox 1062 1578 1113 1658; x_wconf 87' lang='lat' dir='ltr'>(ci.</span> <span class='ocrx_word' id='word_1_109' title='bbox 1140 1576 1304 1660; x_wconf 80' lang='grc' dir='ltr'><strong><em>ἔκπαγλα)</em></strong></span> <span class='ocrx_word' id='word_1_110' title='bbox 1329 1579 1370 1642; x_wconf 90' lang='lat' dir='ltr'>ad</span> <span class='ocrx_word' id='word_1_111' title='bbox 1394 1579 1574 1661; x_wconf 86' lang='lat' dir='ltr'>exemplum</span> 
     </span>
     <span class='ocr_line' id='line_1_13' title="bbox 300 1687 647 1769; baseline 0.006 -17"><span class='ocrx_word' id='word_1_112' title='bbox 300 1687 433 1754; x_wconf 85' lang='lat' dir='ltr'>Homeri</span> <span class='ocrx_word' id='word_1_113' title='bbox 456 1688 565 1769; x_wconf 89' lang='lat' dir='ltr'>posita</span> <span class='ocrx_word' id='word_1_114' title='bbox 589 1690 647 1754; x_wconf 87' lang='lat' dir='ltr'>est.</span> 
     </span>
    </p>

    <p class='ocr_par' dir='ltr' id='par_1_6' title="bbox 299 1791 1578 3598">
     <span class='ocr_line' id='line_1_14' title="bbox 406 1791 1574 1876; baseline -0.001 -16"><span class='ocrx_word' id='word_1_115' title='bbox 406 1795 476 1860; x_wconf 92' lang='lat' dir='ltr'>Iam</span> <span class='ocrx_word' id='word_1_116' title='bbox 490 1794 531 1861; x_wconf 93' lang='lat' dir='ltr'>de</span> <span class='ocrx_word' id='word_1_117' title='bbox 546 1795 644 1860; x_wconf 85' lang='lat' dir='ltr'>verbo</span> <span class='ocrx_word' id='word_1_118' title='bbox 661 1795 898 1861; x_wconf 87' lang='lat' dir='ltr'>denominativo</span> <span class='ocrx_word' id='word_1_119' title='bbox 915 1791 1144 1876; x_wconf 88' lang='grc' dir='ltr'><strong><em>ἐκπαγλέομαι</em></strong></span> <span class='ocrx_word' id='word_1_120' title='bbox 1159 1793 1381 1859; x_wconf 90' lang='lat' dir='ltr'>disserendum</span> <span class='ocrx_word' id='word_1_121' title='bbox 1398 1800 1458 1874; x_wconf 92' lang='lat' dir='ltr'>est,</span> <span class='ocrx_word' id='word_1_122' title='bbox 1483 1795 1574 1860; x_wconf 89' lang='lat' dir='ltr'>cuius</span> 
     </span>
     <span class='ocr_line' id='line_1_15' title="bbox 301 1899 1574 1985; baseline -0.001 -17"><span class='ocrx_word' id='word_1_123' title='bbox 301 1920 431 1968; x_wconf 90' lang='lat' dir='ltr'>sensum</span> <span class='ocrx_word' id='word_1_124' title='bbox 465 1903 505 1968; x_wconf 93' lang='lat' dir='ltr'>de</span> <span class='ocrx_word' id='word_1_125' title='bbox 528 1902 741 1969; x_wconf 86' lang='lat' dir='ltr'>Wilamowitz</span> <span class='ocrx_word' id='word_1_126' title='bbox 774 1903 948 1984; x_wconf 82' lang='lat' dir='ltr'>explicavit</span> <span class='ocrx_word' id='word_1_127' title='bbox 981 1903 1014 1965; x_wconf 95' lang='lat' dir='ltr'>in</span> <span class='ocrx_word' id='word_1_128' title='bbox 1045 1901 1276 1967; x_wconf 88' lang='lat' dir='ltr'>commentario</span> <span class='ocrx_word' id='word_1_129' title='bbox 1299 1899 1574 1985; x_wconf 83' lang='lat' dir='ltr'>Ghoephororum,</span> 
     </span>
     <span class='ocr_line' id='line_1_16' title="bbox 301 2009 1573 2092; baseline 0.002 -20"><span class='ocrx_word' id='word_1_130' title='bbox 301 2028 332 2091; x_wconf 95' lang='lat' dir='ltr'>p.</span> <span class='ocrx_word' id='word_1_131' title='bbox 354 2010 426 2075; x_wconf 94' lang='grc'>177.</span> <span class='ocrx_word' id='word_1_132' title='bbox 465 2009 600 2092; x_wconf 84' lang='lat' dir='ltr'>Legitur</span> <span class='ocrx_word' id='word_1_133' title='bbox 622 2030 683 2076; x_wconf 82' lang='lat' dir='ltr'>uox</span> <span class='ocrx_word' id='word_1_134' title='bbox 705 2015 836 2092; x_wconf 88' lang='lat' dir='ltr'>praeter</span> <span class='ocrx_word' id='word_1_135' title='bbox 858 2011 964 2076; x_wconf 90' lang='lat' dir='ltr'>locum</span> <span class='ocrx_word' id='word_1_136' title='bbox 980 2010 1114 2075; x_wconf 90' lang='lat' dir='ltr'>allatum</span> <span class='ocrx_word' id='word_1_137' title='bbox 1131 2009 1217 2091; x_wconf 89' lang='lat' dir='ltr'>apud</span> <span class='ocrx_word' id='word_1_138' title='bbox 1232 2010 1419 2090; x_wconf 85' lang='lat' dir='ltr'>Euripidem</span> <span class='ocrx_word' id='word_1_139' title='bbox 1436 2009 1490 2076; x_wconf 91' lang='lat' dir='ltr'>Or.</span> <span class='ocrx_word' id='word_1_140' title='bbox 1509 2012 1573 2074; x_wconf 89' lang='grc'>890</span> 
     </span>
     <span class='ocr_line' id='line_1_17' title="bbox 302 2115 1576 2199; baseline 0.001 -18"><span class='ocrx_word' id='word_1_141' title='bbox 302 2116 387 2181; x_wconf 91' lang='lat' dir='ltr'>trim.</span> <span class='ocrx_word' id='word_1_142' title='bbox 433 2117 566 2198; x_wconf 79' lang='grc' dir='ltr'><strong><em>πατέρα</em></strong></span> <span class='ocrx_word' id='word_1_143' title='bbox 587 2116 652 2198; x_wconf 81' lang='grc' dir='ltr'>μέν</span> <span class='ocrx_word' id='word_1_144' title='bbox 676 2116 737 2181; x_wconf 90' lang='grc' dir='ltr'>σόν</span> <span class='ocrx_word' id='word_1_145' title='bbox 761 2115 1104 2199; x_wconf 76' lang='grc' dir='ltr'><strong><em>ἐκπαγλούμενος.</em></strong></span> <span class='ocrx_word' id='word_1_146' title='bbox 1144 2118 1217 2183; x_wconf 85' lang='lat' dir='ltr'>Tro.</span> <span class='ocrx_word' id='word_1_147' title='bbox 1235 2119 1299 2182; x_wconf 88' lang='grc'>929</span> <span class='ocrx_word' id='word_1_148' title='bbox 1316 2119 1401 2184; x_wconf 89' lang='lat' dir='ltr'>trim.</span> <span class='ocrx_word' id='word_1_149' title='bbox 1442 2115 1576 2199; x_wconf 86' lang='grc' dir='ltr'><strong><em>Κύπρις</em></strong></span> 
     </span>
     <span class='ocr_line' id='line_1_18' title="bbox 301 2221 1574 2307; baseline 0.001 -20"><span class='ocrx_word' id='word_1_150' title='bbox 301 2221 340 2288; x_wconf 86' lang='grc' dir='ltr'>ὁέ</span> <span class='ocrx_word' id='word_1_151' title='bbox 356 2222 486 2304; x_wconf 81' lang='grc' dir='ltr'><strong><em>τούμὸν</em></strong></span> <span class='ocrx_word' id='word_1_152' title='bbox 502 2221 594 2304; x_wconf 80' lang='grc' dir='ltr'><strong><em>εἶδος</em></strong></span> <span class='ocrx_word' id='word_1_153' title='bbox 610 2222 937 2307; x_wconf 82' lang='grc' dir='ltr'><strong><em>ἐκπαγλουμένη.</em></strong></span> <span class='ocrx_word' id='word_1_154' title='bbox 984 2226 1061 2292; x_wconf 88' lang='lat' dir='ltr'>Hec.</span> <span class='ocrx_word' id='word_1_155' title='bbox 1087 2226 1171 2289; x_wconf 83' lang='lat'>1157</span> <span class='ocrx_word' id='word_1_156' title='bbox 1195 2226 1281 2289; x_wconf 83' lang='lat' dir='ltr'>trIm.</span> <span class='ocrx_word' id='word_1_157' title='bbox 1330 2223 1408 2288; x_wconf 87' lang='grc' dir='ltr'><strong><em>ὅσαι</em></strong></span> <span class='ocrx_word' id='word_1_158' title='bbox 1423 2222 1462 2289; x_wconf 75' lang='lat' dir='ltr'>dd</span> <span class='ocrx_word' id='word_1_159' title='bbox 1476 2225 1574 2289; x_wconf 86' lang='grc' dir='ltr'><strong><em>τοκά-</em></strong></span> 
     </span>
     <span class='ocr_line' id='line_1_19' title="bbox 303 2329 1575 2414; baseline 0 -18"><span class='ocrx_word' id='word_1_160' title='bbox 303 2329 361 2411; x_wconf 84' lang='grc' dir='ltr'>ὁες</span> <span class='ocrx_word' id='word_1_161' title='bbox 394 2329 493 2413; x_wconf 82' lang='grc' dir='ltr'><strong><em>ἦσαν,</em></strong></span> <span class='ocrx_word' id='word_1_162' title='bbox 529 2330 860 2414; x_wconf 83' lang='grc' dir='ltr'><strong><em>ἐκπαγλούμενοι</em></strong></span> <span class='ocrx_word' id='word_1_163' title='bbox 895 2333 982 2397; x_wconf 77' lang='grc' dir='ltr'>τέκν</span> <span class='ocrx_word' id='word_1_164' title='bbox 1018 2331 1056 2396; x_wconf 91' lang='grc' dir='ltr'><strong><em>ἐν</em></strong></span> <span class='ocrx_word' id='word_1_165' title='bbox 1075 2337 1192 2414; x_wconf 83' lang='grc' dir='ltr'><strong><em>χεροῖν</em></strong></span> <span class='ocrx_word' id='word_1_166' title='bbox 1215 2329 1376 2398; x_wconf 79' lang='grc' dir='ltr'><strong><em>ἔπαλλον,</em></strong></span> <span class='ocrx_word' id='word_1_167' title='bbox 1427 2337 1461 2396; x_wconf 90' lang='lat' dir='ltr'>et</span> <span class='ocrx_word' id='word_1_168' title='bbox 1489 2333 1575 2413; x_wconf 92' lang='lat' dir='ltr'>apud</span> 
     </span>
     <span class='ocr_line' id='line_1_20' title="bbox 299 2438 1575 2523; baseline 0 -19"><span class='ocrx_word' id='word_1_169' title='bbox 299 2438 556 2514; x_wconf 86' lang='lat' dir='ltr'>Herodotum,</span> <span class='ocrx_word' id='word_1_170' title='bbox 591 2438 661 2504; x_wconf 88' lang='lat' dir='ltr'><strong>VII.</strong></span> <span class='ocrx_word' id='word_1_171' title='bbox 690 2440 750 2504; x_wconf 88' lang='lat'>181</span> <span class='ocrx_word' id='word_1_172' title='bbox 782 2438 1023 2505; x_wconf 78' lang='grc' dir='ltr'><strong><em>ἐπεδείκνυσαν</em></strong></span> <span class='ocrx_word' id='word_1_173' title='bbox 1058 2438 1382 2523; x_wconf 84' lang='grc' dir='ltr'><strong><em>ἐκπαγλεόμενοι</em></strong></span> <span class='ocrx_word' id='word_1_174' title='bbox 1411 2439 1505 2522; x_wconf 76' lang='grc' dir='ltr'><strong><em>πάσῃ</em></strong></span> <span class='ocrx_word' id='word_1_175' title='bbox 1532 2444 1575 2522; x_wconf 81' lang='grc' dir='ltr'>τῇ</span> 
     </span>
     <span class='ocr_line' id='line_1_21' title="bbox 305 2545 1575 2629; baseline 0 -18"><span class='ocrx_word' id='word_1_176' title='bbox 305 2550 444 2629; x_wconf 81' lang='grc' dir='ltr'><strong><em>στρατιῇ</em></strong></span> <span class='ocrx_word' id='word_1_177' title='bbox 461 2547 681 2629; x_wconf 76' lang='grc' dir='ltr'><strong><em>περιέποντες</em></strong></span> <span class='ocrx_word' id='word_1_178' title='bbox 696 2545 734 2612; x_wconf 81' lang='grc' dir='ltr'>εὖ</span> <span class='ocrx_word' id='word_1_179' title='bbox 757 2566 801 2615; x_wconf 91' lang='lat' dir='ltr'>sc.</span> <span class='ocrx_word' id='word_1_180' title='bbox 825 2548 1040 2613; x_wconf 87' lang='lat' dir='ltr'>vulneratum.</span> <span class='ocrx_word' id='word_1_181' title='bbox 1075 2548 1162 2614; x_wconf 91' lang='lat' dir='ltr'><strong>VIII.</strong></span> <span class='ocrx_word' id='word_1_182' title='bbox 1181 2551 1223 2612; x_wconf 86' lang='grc'>92</span> <span class='ocrx_word' id='word_1_183' title='bbox 1248 2548 1287 2612; x_wconf 91' lang='lat' dir='ltr'>de</span> <span class='ocrx_word' id='word_1_184' title='bbox 1311 2548 1423 2612; x_wconf 91' lang='lat' dir='ltr'>eodem</span> <span class='ocrx_word' id='word_1_185' title='bbox 1445 2548 1575 2613; x_wconf 91' lang='lat' dir='ltr'>homine</span> 
     </span>
     <span class='ocr_line' id='line_1_22' title="bbox 302 2653 1573 2739; baseline 0.002 -22"><span class='ocrx_word' id='word_1_186' title='bbox 302 2653 393 2736; x_wconf 84' lang='grc' dir='ltr'><strong><em>εἶχον</em></strong></span> <span class='ocrx_word' id='word_1_187' title='bbox 417 2653 454 2717; x_wconf 88' lang='grc' dir='ltr'><strong><em>ἐν</em></strong></span> <span class='ocrx_word' id='word_1_188' title='bbox 477 2658 519 2737; x_wconf 80' lang='grc' dir='ltr'>τῇ</span> <span class='ocrx_word' id='word_1_189' title='bbox 541 2655 601 2737; x_wconf 84' lang='grc' dir='ltr'>νηῒ</span> <span class='ocrx_word' id='word_1_190' title='bbox 624 2653 957 2739; x_wconf 85' lang='grc' dir='ltr'><strong><em>ἐκπαγλεόμενοι.</em></strong></span> <span class='ocrx_word' id='word_1_191' title='bbox 992 2657 1048 2721; x_wconf 86' lang='grc' dir='ltr'>ΙΧ.</span> <span class='ocrx_word' id='word_1_192' title='bbox 1066 2659 1117 2722; x_wconf 84' lang='grc'>48.</span> <span class='ocrx_word' id='word_1_193' title='bbox 1167 2654 1297 2738; x_wconf 83' lang='grc' dir='ltr'><strong><em>ἄριστοι</em></strong></span> <span class='ocrx_word' id='word_1_194' title='bbox 1329 2654 1398 2720; x_wconf 79' lang='grc' dir='ltr'><strong><em>ὑπὸ</em></strong></span> <span class='ocrx_word' id='word_1_195' title='bbox 1422 2658 1494 2720; x_wconf 87' lang='grc' dir='ltr'>τῶν</span> <span class='ocrx_word' id='word_1_196' title='bbox 1517 2660 1573 2737; x_wconf 86' lang='grc' dir='ltr'>τῇ·</span> 
     </span>
     <span class='ocr_line' id='line_1_23' title="bbox 301 2759 1575 2846; baseline 0 -21"><span class='ocrx_word' id='word_1_197' title='bbox 301 2760 338 2825; x_wconf 87' lang='grc' dir='ltr'>όε</span> <span class='ocrx_word' id='word_1_198' title='bbox 362 2759 563 2842; x_wconf 64' lang='lat' dir='ltr'>amoenae</span> <span class='ocrx_word' id='word_1_199' title='bbox 587 2761 941 2845; x_wconf 82' lang='grc' dir='ltr'><strong><em>ἐκπαγλεομένων,</em></strong></span> <span class='ocrx_word' id='word_1_200' title='bbox 978 2763 1027 2844; x_wconf 88' lang='grc' dir='ltr'>ὡς</span> <span class='ocrx_word' id='word_1_201' title='bbox 1062 2762 1141 2829; x_wconf 79' lang='grc' dir='ltr'><strong><em>οὔτε</em></strong></span> <span class='ocrx_word' id='word_1_202' title='bbox 1176 2764 1316 2846; x_wconf 81' lang='grc' dir='ltr'><strong><em>φεύγετε</em></strong></span> <span class='ocrx_word' id='word_1_203' title='bbox 1350 2762 1388 2827; x_wconf 88' lang='grc' dir='ltr'>ἐκ</span> <span class='ocrx_word' id='word_1_204' title='bbox 1421 2759 1575 2843; x_wconf 83' lang='grc' dir='ltr'><strong><em>πολέμου</em></strong></span> 
     </span>
     <span class='ocr_line' id='line_1_24' title="bbox 302 2866 1575 2949; baseline 0.002 -16"><span class='ocrx_word' id='word_1_205' title='bbox 302 2866 382 2933; x_wconf 76' lang='lat' dir='ltr'>orire</span> <span class='ocrx_word' id='word_1_206' title='bbox 403 2866 497 2949; x_wconf 83' lang='grc' dir='ltr'><strong><em>τάξιν</em></strong></span> <span class='ocrx_word' id='word_1_207' title='bbox 520 2866 697 2935; x_wconf 79' lang='grc' dir='ltr'><strong><em>ἐκλείπετε.</em></strong></span> <span class='ocrx_word' id='word_1_208' title='bbox 745 2870 783 2937; x_wconf 87' lang='lat' dir='ltr'>cf.</span> <span class='ocrx_word' id='word_1_209' title='bbox 815 2872 903 2938; x_wconf 87' lang='lat' dir='ltr'>Suid.</span> <span class='ocrx_word' id='word_1_210' title='bbox 928 2872 1109 2937; x_wconf 86' lang='lat' dir='ltr'>imitatores</span> <span class='ocrx_word' id='word_1_211' title='bbox 1136 2871 1295 2937; x_wconf 85' lang='lat' dir='ltr'>Herodoti</span> <span class='ocrx_word' id='word_1_212' title='bbox 1319 2869 1470 2949; x_wconf 77' lang='lat' dir='ltr'>afferens,</span> <span class='ocrx_word' id='word_1_213' title='bbox 1495 2888 1521 2934; x_wconf 89' lang='lat' dir='ltr'>s.</span> <span class='ocrx_word' id='word_1_214' title='bbox 1546 2890 1575 2935; x_wconf 81' lang='lat' dir='ltr'>v.</span> 
     </span>
     <span class='ocr_line' id='line_1_25' title="bbox 304 2973 1578 3062; baseline 0.001 -23"><span class='ocrx_word' id='word_1_215' title='bbox 304 2973 594 3056; x_wconf 87' lang='grc' dir='ltr'><strong><em>ἐκπαγλούμενος·</em></strong></span> <span class='ocrx_word' id='word_1_216' title='bbox 624 2975 910 3059; x_wconf 82' lang='grc' dir='ltr'><strong><em>ἐκπληττόμενος·</em></strong></span> <span class='ocrx_word' id='word_1_217' title='bbox 944 2978 1122 3061; x_wconf 85' lang='grc' dir='ltr'><strong><em>Ῥωμαίοις</em></strong></span> <span class='ocrx_word' id='word_1_218' title='bbox 1142 2980 1206 3062; x_wconf 90' lang='grc' dir='ltr'>μέν</span> <span class='ocrx_word' id='word_1_219' title='bbox 1221 2978 1283 3061; x_wconf 87' lang='grc' dir='ltr'>γὰρ</span> <span class='ocrx_word' id='word_1_220' title='bbox 1300 2976 1578 3060; x_wconf 85' lang='grc' dir='ltr'><strong><em>ἐκπαγλούμενος</em></strong></span> 
     </span>
     <span class='ocr_line' id='line_1_26' title="bbox 304 3080 1577 3167; baseline 0.001 -21"><span class='ocrx_word' id='word_1_221' title='bbox 304 3081 322 3146; x_wconf 88' lang='grc' dir='ltr'>ὁ</span> <span class='ocrx_word' id='word_1_222' title='bbox 346 3080 487 3165; x_wconf 87' lang='grc' dir='ltr'><strong><em>Πύρρος</em></strong></span> <span class='ocrx_word' id='word_1_223' title='bbox 509 3083 618 3147; x_wconf 82' lang='grc' dir='ltr'><strong><em>ταῦτά</em></strong></span> <span class='ocrx_word' id='word_1_224' title='bbox 643 3101 760 3165; x_wconf 79' lang='grc' dir='ltr'><strong><em>φησιν·</em></strong></span> <span class='ocrx_word' id='word_1_225' title='bbox 796 3082 817 3164; x_wconf 81' lang='grc' dir='ltr'><em>ἢ</em></span> <span class='ocrx_word' id='word_1_226' title='bbox 842 3084 917 3149; x_wconf 86' lang='grc' dir='ltr'><strong><em>ἀντὶ</em></strong></span> <span class='ocrx_word' id='word_1_227' title='bbox 939 3089 1002 3150; x_wconf 83' lang='grc' dir='ltr'>τοῦ</span> <span class='ocrx_word' id='word_1_228' title='bbox 1026 3086 1284 3167; x_wconf 81' lang='grc' dir='ltr'><strong><em>σεμνυνόμενος.</em></strong></span> <span class='ocrx_word' id='word_1_229' title='bbox 1309 3093 1342 3152; x_wconf 90' lang='lat' dir='ltr'>et</span> <span class='ocrx_word' id='word_1_230' title='bbox 1365 3086 1407 3151; x_wconf 90' lang='lat' dir='ltr'>id.</span> <span class='ocrx_word' id='word_1_231' title='bbox 1430 3104 1456 3150; x_wconf 90' lang='lat' dir='ltr'>s.</span> <span class='ocrx_word' id='word_1_232' title='bbox 1473 3105 1500 3150; x_wconf 86' lang='lat' dir='ltr'>v.</span> <span class='ocrx_word' id='word_1_233' title='bbox 1525 3083 1577 3147; x_wconf 89' lang='grc' dir='ltr'>ἐκ-</span> 
     </span>
     <span class='ocr_line' id='line_1_27' title="bbox 302 3185 1577 3275; baseline 0.002 -22"><span class='ocrx_word' id='word_1_234' title='bbox 302 3185 547 3269; x_wconf 85' lang='grc' dir='ltr'><strong><em>παγλούμενοι·</em></strong></span> <span class='ocrx_word' id='word_1_235' title='bbox 572 3188 819 3273; x_wconf 81' lang='grc' dir='ltr'><strong><em>όαομάζοντες,</em></strong></span> <span class='ocrx_word' id='word_1_236' title='bbox 845 3190 1121 3275; x_wconf 84' lang='grc' dir='ltr'><strong><em>ἐκπληττόμενοι.</em></strong></span> <span class='ocrx_word' id='word_1_237' title='bbox 1169 3192 1205 3256; x_wconf 89' lang='grc' dir='ltr'><strong><em>ἐν</em></strong></span> <span class='ocrx_word' id='word_1_238' title='bbox 1229 3193 1345 3275; x_wconf 76' lang='grc' dir='ltr'><strong><em>εἰρήνῃ</em></strong></span> <span class='ocrx_word' id='word_1_239' title='bbox 1380 3191 1502 3274; x_wconf 88' lang='grc' dir='ltr'><strong><em>ἐνεμσν</em></strong></span> <span class='ocrx_word' id='word_1_240' title='bbox 1525 3191 1577 3256; x_wconf 88' lang='grc' dir='ltr'>ἐκ·</span> 
     </span>
     <span class='ocr_line' id='line_1_28' title="bbox 301 3295 1576 3381; baseline 0.004 -21"><span class='ocrx_word' id='word_1_241' title='bbox 301 3295 531 3378; x_wconf 83' lang='grc' dir='ltr'><strong><em>παγλούμενοι</em></strong></span> <span class='ocrx_word' id='word_1_242' title='bbox 561 3295 623 3362; x_wconf 89' lang='grc' dir='ltr'>τὸν</span> <span class='ocrx_word' id='word_1_243' title='bbox 651 3295 829 3380; x_wconf 85' lang='grc' dir='ltr'><strong><em>Ἡρακλέα.</em></strong></span> <span class='ocrx_word' id='word_1_244' title='bbox 876 3300 936 3365; x_wconf 85' lang='lat' dir='ltr'>Vel</span> <span class='ocrx_word' id='word_1_245' title='bbox 960 3302 1001 3365; x_wconf 92' lang='lat' dir='ltr'>ad</span> <span class='ocrx_word' id='word_1_246' title='bbox 1025 3300 1224 3365; x_wconf 90' lang='lat' dir='ltr'>Herodotum</span> <span class='ocrx_word' id='word_1_247' title='bbox 1247 3301 1298 3366; x_wconf 86' lang='lat' dir='ltr'>vel</span> <span class='ocrx_word' id='word_1_248' title='bbox 1322 3302 1363 3365; x_wconf 90' lang='lat' dir='ltr'>ad</span> <span class='ocrx_word' id='word_1_249' title='bbox 1387 3300 1576 3381; x_wconf 85' lang='lat' dir='ltr'>tragoediae</span> 
     </span>
     <span class='ocr_line' id='line_1_29' title="bbox 303 3404 1577 3493; baseline 0.002 -26"><span class='ocrx_word' id='word_1_250' title='bbox 303 3421 481 3468; x_wconf 90' lang='lat' dir='ltr'>sermonem</span> <span class='ocrx_word' id='word_1_251' title='bbox 516 3406 601 3471; x_wconf 90' lang='lat' dir='ltr'>redit</span> <span class='ocrx_word' id='word_1_252' title='bbox 635 3406 731 3472; x_wconf 90' lang='lat' dir='ltr'>Dion.</span> <span class='ocrx_word' id='word_1_253' title='bbox 759 3406 833 3473; x_wconf 93' lang='lat' dir='ltr'>Hal.</span> <span class='ocrx_word' id='word_1_254' title='bbox 865 3411 900 3475; x_wconf 85' lang='grc' dir='ltr'>Α.</span> <span class='ocrx_word' id='word_1_255' title='bbox 931 3407 1110 3493; x_wconf 75' lang='lat' dir='ltr'><strong>R.11.40j:</strong></span> <span class='ocrx_word' id='word_1_256' title='bbox 1141 3411 1203 3472; x_wconf 86' lang='grc' dir='ltr'>τοῦ</span> <span class='ocrx_word' id='word_1_257' title='bbox 1238 3406 1276 3472; x_wconf 72' lang='lat' dir='ltr'>dd</span> <span class='ocrx_word' id='word_1_258' title='bbox 1310 3407 1373 3489; x_wconf 84' lang='grc' dir='ltr'>τὴν</span> <span class='ocrx_word' id='word_1_259' title='bbox 1408 3404 1491 3489; x_wconf 81' lang='grc' dir='ltr'><strong><em>ὄψιν</em></strong></span> <span class='ocrx_word' id='word_1_260' title='bbox 1526 3406 1577 3471; x_wconf 90' lang='grc' dir='ltr'><strong><em>έκ-</em></strong></span> 
     </span>
     <span class='ocr_line' id='line_1_30' title="bbox 304 3508 1151 3598; baseline 0.008 -25"><span class='ocrx_word' id='word_1_261' title='bbox 304 3508 535 3592; x_wconf 86' lang='grc' dir='ltr'><strong><em>παγλσόμενοι</em></strong></span> <span class='ocrx_word' id='word_1_262' title='bbox 557 3511 657 3578; x_wconf 74' lang='lat' dir='ltr'>dotto</span> <span class='ocrx_word' id='word_1_263' title='bbox 679 3532 712 3578; x_wconf 95' lang='grc' dir='ltr'>τι</span> <span class='ocrx_word' id='word_1_264' title='bbox 731 3518 847 3597; x_wconf 84' lang='grc' dir='ltr'><strong><em>χρῆμα</em></strong></span> <span class='ocrx_word' id='word_1_265' title='bbox 872 3514 1033 3598; x_wconf 86' lang='grc' dir='ltr'><strong><em>ἐνόμισαν</em></strong></span> <span class='ocrx_word' id='word_1_266' title='bbox 1057 3514 1151 3598; x_wconf 88' lang='grc' dir='ltr'><strong><em>ὁρᾶν.</em></strong></span> 
     </span>
    </p>

    <p class='ocr_par' dir='ltr' id='par_1_7' title="bbox 303 3618 1579 4670">
     <span class='ocr_line' id='line_1_31' title="bbox 409 3618 1578 3704; baseline 0.003 -21"><span class='ocrx_word' id='word_1_267' title='bbox 409 3618 454 3683; x_wconf 91' lang='lat' dir='ltr'>Ut</span> <span class='ocrx_word' id='word_1_268' title='bbox 477 3637 575 3701; x_wconf 88' lang='lat' dir='ltr'>supra</span> <span class='ocrx_word' id='word_1_269' title='bbox 599 3622 811 3703; x_wconf 75' lang='lat' dir='ltr'>exposuimus</span> <span class='ocrx_word' id='word_1_270' title='bbox 837 3621 1006 3704; x_wconf 79' lang='grc' dir='ltr'><strong><em>ἔκπαγλος</em></strong></span> <span class='ocrx_word' id='word_1_271' title='bbox 1028 3622 1167 3688; x_wconf 80' lang='lat' dir='ltr'>tortasse</span> <span class='ocrx_word' id='word_1_272' title='bbox 1191 3622 1306 3703; x_wconf 85' lang='lat' dir='ltr'>priscis</span> <span class='ocrx_word' id='word_1_273' title='bbox 1323 3621 1439 3687; x_wconf 84' lang='lat' dir='ltr'>Atticis</span> <span class='ocrx_word' id='word_1_274' title='bbox 1462 3622 1495 3685; x_wconf 96' lang='lat' dir='ltr'>in</span> <span class='ocrx_word' id='word_1_275' title='bbox 1518 3639 1578 3686; x_wconf 92' lang='lat' dir='ltr'>usn</span> 
     </span>
     <span class='ocr_line' id='line_1_32' title="bbox 303 3723 1577 3811; baseline 0.003 -22"><span class='ocrx_word' id='word_1_276' title='bbox 303 3723 374 3806; x_wconf 85' lang='lat' dir='ltr'>fuit,</span> <span class='ocrx_word' id='word_1_277' title='bbox 399 3730 496 3808; x_wconf 90' lang='lat' dir='ltr'>atque</span> <span class='ocrx_word' id='word_1_278' title='bbox 520 3728 594 3793; x_wconf 90' lang='lat' dir='ltr'>inde</span> <span class='ocrx_word' id='word_1_279' title='bbox 618 3734 655 3793; x_wconf 89' lang='lat' dir='ltr'>ut</span> <span class='ocrx_word' id='word_1_280' title='bbox 678 3730 718 3795; x_wconf 92' lang='lat' dir='ltr'>ab</span> <span class='ocrx_word' id='word_1_281' title='bbox 736 3730 809 3796; x_wconf 91' lang='lat' dir='ltr'>aliis</span> <span class='ocrx_word' id='word_1_282' title='bbox 824 3731 873 3795; x_wconf 89' lang='lat' dir='ltr'>ita</span> <span class='ocrx_word' id='word_1_283' title='bbox 889 3731 929 3796; x_wconf 92' lang='lat' dir='ltr'>ab</span> <span class='ocrx_word' id='word_1_284' title='bbox 946 3731 1010 3796; x_wconf 92' lang='lat' dir='ltr'>illis</span> <span class='ocrx_word' id='word_1_285' title='bbox 1027 3730 1159 3795; x_wconf 84' lang='lat' dir='ltr'>formari</span> <span class='ocrx_word' id='word_1_286' title='bbox 1175 3734 1307 3811; x_wconf 87' lang='lat' dir='ltr'>poterat</span> <span class='ocrx_word' id='word_1_287' title='bbox 1322 3726 1577 3809; x_wconf 81' lang='grc' dir='ltr'><strong><em>ἐκπαγλεῖσόαι.</em></strong></span> 
     </span>
     <span class='ocr_line' id='line_1_33' title="bbox 304 3833 1578 3920; baseline 0.003 -23"><span class='ocrx_word' id='word_1_288' title='bbox 304 3833 346 3898; x_wconf 85' lang='lat' dir='ltr'>Et</span> <span class='ocrx_word' id='word_1_289' title='bbox 369 3852 483 3900; x_wconf 81' lang='lat' dir='ltr'>revera</span> <span class='ocrx_word' id='word_1_290' title='bbox 506 3836 712 3917; x_wconf 88' lang='lat' dir='ltr'>Rutherlord‚</span> <span class='ocrx_word' id='word_1_291' title='bbox 737 3857 805 3903; x_wconf 88' lang='lat' dir='ltr'>neu</span> <span class='ocrx_word' id='word_1_292' title='bbox 822 3838 938 3920; x_wconf 87' lang='lat' dir='ltr'>Phryn.</span> <span class='ocrx_word' id='word_1_293' title='bbox 960 3858 990 3919; x_wconf 93' lang='lat' dir='ltr'>p.</span> <span class='ocrx_word' id='word_1_294' title='bbox 1013 3840 1052 3901; x_wconf 87' lang='grc'>14</span> <span class='ocrx_word' id='word_1_295' title='bbox 1077 3856 1187 3903; x_wconf 85' lang='lat' dir='ltr'>vocem</span> <span class='ocrx_word' id='word_1_296' title='bbox 1209 3836 1296 3901; x_wconf 92' lang='lat' dir='ltr'>inter</span> <span class='ocrx_word' id='word_1_297' title='bbox 1311 3837 1435 3918; x_wconf 90' lang='lat' dir='ltr'>priscas</span> <span class='ocrx_word' id='word_1_298' title='bbox 1451 3835 1578 3901; x_wconf 86' lang='lat' dir='ltr'>Atticas</span> 
     </span>
     <span class='ocr_line' id='line_1_34' title="bbox 304 3942 1578 4027; baseline 0.002 -20"><span class='ocrx_word' id='word_1_299' title='bbox 304 3942 423 4023; x_wconf 89' lang='lat' dir='ltr'>posuit.</span> <span class='ocrx_word' id='word_1_300' title='bbox 462 3944 505 4007; x_wconf 82' lang='lat' dir='ltr'>At</span> <span class='ocrx_word' id='word_1_301' title='bbox 530 3960 643 4009; x_wconf 88' lang='lat' dir='ltr'>sensus</span> <span class='ocrx_word' id='word_1_302' title='bbox 667 3943 901 4027; x_wconf 86' lang='lat' dir='ltr'>admirandi,</span> <span class='ocrx_word' id='word_1_303' title='bbox 933 3964 1026 4027; x_wconf 93' lang='lat' dir='ltr'>quem</span> <span class='ocrx_word' id='word_1_304' title='bbox 1050 3946 1120 4010; x_wconf 86' lang='lat' dir='ltr'>voci</span> <span class='ocrx_word' id='word_1_305' title='bbox 1143 3944 1382 4009; x_wconf 90' lang='lat' dir='ltr'>attribuendum</span> <span class='ocrx_word' id='word_1_306' title='bbox 1408 3961 1479 4009; x_wconf 89' lang='lat' dir='ltr'>esse</span> <span class='ocrx_word' id='word_1_307' title='bbox 1504 3962 1578 4009; x_wconf 90' lang='lat' dir='ltr'>con·</span> 
     </span>
     <span class='ocr_line' id='line_1_35' title="bbox 304 4050 1578 4135; baseline 0.002 -20"><span class='ocrx_word' id='word_1_308' title='bbox 304 4069 401 4115; x_wconf 87' lang='lat' dir='ltr'>sensu</span> <span class='ocrx_word' id='word_1_309' title='bbox 427 4050 684 4116; x_wconf 85' lang='lat' dir='ltr'>testimoniorum</span> <span class='ocrx_word' id='word_1_310' title='bbox 710 4052 938 4134; x_wconf 89' lang='lat' dir='ltr'>comprobatur</span> <span class='ocrx_word' id='word_1_311' title='bbox 962 4052 1203 4135; x_wconf 76' lang='lat' dir='ltr'>(Wilamowitzt</span> <span class='ocrx_word' id='word_1_312' title='bbox 1227 4050 1300 4115; x_wconf 83' lang='grc' dir='ltr'><strong><em>ἐκπ.</em></strong></span> <span class='ocrx_word' id='word_1_313' title='bbox 1317 4051 1504 4118; x_wconf 88' lang='lat' dir='ltr'>bezeichnet</span> <span class='ocrx_word' id='word_1_314' title='bbox 1524 4052 1578 4117; x_wconf 93' lang='lat' dir='ltr'>die</span> 
     </span>
     <span class='ocr_line' id='line_1_36' title="bbox 304 4156 1579 4241; baseline 0.001 -20"><span class='ocrx_word' id='word_1_315' title='bbox 304 4156 539 4223; x_wconf 88' lang='lat' dir='ltr'>bewundernde</span> <span class='ocrx_word' id='word_1_316' title='bbox 573 4158 690 4239; x_wconf 83' lang='lat' dir='ltr'>Rede),</span> <span class='ocrx_word' id='word_1_317' title='bbox 732 4178 923 4241; x_wconf 90' lang='lat' dir='ltr'>quamquam</span> <span class='ocrx_word' id='word_1_318' title='bbox 960 4179 998 4224; x_wconf 84' lang='lat' dir='ltr'>ex</span> <span class='ocrx_word' id='word_1_319' title='bbox 1031 4160 1187 4241; x_wconf 91' lang='lat' dir='ltr'>primaria</span> <span class='ocrx_word' id='word_1_320' title='bbox 1221 4160 1373 4225; x_wconf 89' lang='lat' dir='ltr'>adiectivi</span> <span class='ocrx_word' id='word_1_321' title='bbox 1409 4156 1579 4240; x_wconf 80' lang='grc' dir='ltr'><strong><em>ἔκπαγλος</em></strong></span> 
     </span>
     <span class='ocr_line' id='line_1_37' title="bbox 305 4263 1579 4349; baseline 0.003 -22"><span class='ocrx_word' id='word_1_322' title='bbox 305 4263 540 4346; x_wconf 87' lang='lat' dir='ltr'>significatione</span> <span class='ocrx_word' id='word_1_323' title='bbox 549 4266 635 4348; x_wconf 89' lang='lat' dir='ltr'>(vide</span> <span class='ocrx_word' id='word_1_324' title='bbox 648 4269 762 4349; x_wconf 85' lang='lat' dir='ltr'>supra)</span> <span class='ocrx_word' id='word_1_325' title='bbox 772 4265 951 4347; x_wconf 77' lang='lat' dir='ltr'>deducitur,</span> <span class='ocrx_word' id='word_1_326' title='bbox 964 4272 1072 4333; x_wconf 85' lang='lat' dir='ltr'>tamen</span> <span class='ocrx_word' id='word_1_327' title='bbox 1090 4267 1256 4348; x_wconf 89' lang='lat' dir='ltr'>angustior</span> <span class='ocrx_word' id='word_1_328' title='bbox 1272 4267 1439 4349; x_wconf 84' lang='lat' dir='ltr'>magisque</span> <span class='ocrx_word' id='word_1_329' title='bbox 1455 4266 1579 4349; x_wconf 90' lang='lat' dir='ltr'>peculi·</span> 
     </span>
     <span class='ocr_line' id='line_1_38' title="bbox 306 4371 1578 4457; baseline 0.005 -22"><span class='ocrx_word' id='word_1_330' title='bbox 306 4371 371 4435; x_wconf 89' lang='lat' dir='ltr'>aris</span> <span class='ocrx_word' id='word_1_331' title='bbox 396 4378 455 4453; x_wconf 89' lang='lat' dir='ltr'>est,</span> <span class='ocrx_word' id='word_1_332' title='bbox 480 4392 575 4456; x_wconf 88' lang='lat' dir='ltr'>quam</span> <span class='ocrx_word' id='word_1_333' title='bbox 599 4379 636 4439; x_wconf 87' lang='lat' dir='ltr'>ut</span> <span class='ocrx_word' id='word_1_334' title='bbox 659 4379 692 4438; x_wconf 93' lang='lat' dir='ltr'>ct</span> <span class='ocrx_word' id='word_1_335' title='bbox 714 4374 832 4438; x_wconf 82' lang='lat' dir='ltr'>Atticis</span> <span class='ocrx_word' id='word_1_336' title='bbox 856 4379 889 4439; x_wconf 92' lang='lat' dir='ltr'>et</span> <span class='ocrx_word' id='word_1_337' title='bbox 912 4374 1043 4439; x_wconf 92' lang='lat' dir='ltr'>Ionibus</span> <span class='ocrx_word' id='word_1_338' title='bbox 1067 4393 1137 4439; x_wconf 92' lang='lat' dir='ltr'>eam</span> <span class='ocrx_word' id='word_1_339' title='bbox 1161 4374 1324 4441; x_wconf 88' lang='lat' dir='ltr'>vindicare</span> <span class='ocrx_word' id='word_1_340' title='bbox 1347 4374 1454 4450; x_wconf 88' lang='lat' dir='ltr'>liceat,</span> <span class='ocrx_word' id='word_1_341' title='bbox 1483 4394 1578 4457; x_wconf 89' lang='lat' dir='ltr'>prae-</span> 
     </span>
     <span class='ocr_line' id='line_1_39' title="bbox 305 4479 1578 4564; baseline 0.003 -21"><span class='ocrx_word' id='word_1_342' title='bbox 305 4480 417 4544; x_wconf 90' lang='lat' dir='ltr'>sertim</span> <span class='ocrx_word' id='word_1_343' title='bbox 453 4498 522 4545; x_wconf 88' lang='lat' dir='ltr'>cum</span> <span class='ocrx_word' id='word_1_344' title='bbox 556 4499 668 4547; x_wconf 88' lang='lat' dir='ltr'>sensus</span> <span class='ocrx_word' id='word_1_345' title='bbox 692 4481 842 4547; x_wconf 90' lang='lat' dir='ltr'>adiectivi</span> <span class='ocrx_word' id='word_1_346' title='bbox 867 4479 1036 4563; x_wconf 79' lang='grc' dir='ltr'><strong><em>ἔκπαγλος</em></strong></span> <span class='ocrx_word' id='word_1_347' title='bbox 1058 4482 1232 4564; x_wconf 88' lang='lat' dir='ltr'>praecipue</span> <span class='ocrx_word' id='word_1_348' title='bbox 1255 4482 1288 4547; x_wconf 93' lang='lat' dir='ltr'>in</span> <span class='ocrx_word' id='word_1_349' title='bbox 1312 4482 1429 4547; x_wconf 91' lang='lat' dir='ltr'>malam</span> <span class='ocrx_word' id='word_1_350' title='bbox 1451 4487 1578 4564; x_wconf 87' lang='lat' dir='ltr'>partem</span> 
     </span>
     <span class='ocr_line' id='line_1_40' title="bbox 308 4586 1493 4670; baseline 0.002 -19"><span class='ocrx_word' id='word_1_351' title='bbox 308 4586 390 4652; x_wconf 87' lang='lat' dir='ltr'>verti</span> <span class='ocrx_word' id='word_1_352' title='bbox 412 4586 526 4668; x_wconf 86' lang='lat' dir='ltr'>soleat,</span> <span class='ocrx_word' id='word_1_353' title='bbox 550 4606 651 4670; x_wconf 88' lang='lat' dir='ltr'>quare</span> <span class='ocrx_word' id='word_1_354' title='bbox 674 4606 784 4655; x_wconf 83' lang='lat' dir='ltr'>uocem</span> <span class='ocrx_word' id='word_1_355' title='bbox 807 4589 839 4653; x_wconf 93' lang='lat' dir='ltr'>in</span> <span class='ocrx_word' id='word_1_356' title='bbox 865 4590 1035 4670; x_wconf 89' lang='lat' dir='ltr'>tragoedia</span> <span class='ocrx_word' id='word_1_357' title='bbox 1057 4589 1199 4656; x_wconf 92' lang='lat' dir='ltr'>Ionicam</span> <span class='ocrx_word' id='word_1_358' title='bbox 1224 4608 1390 4655; x_wconf 87' lang='lat' dir='ltr'>censemus</span> <span class='ocrx_word' id='word_1_359' title='bbox 1414 4607 1493 4654; x_wconf 89' lang='lat' dir='ltr'>esse.</span> 
     </span>
    </p>
   </div>
   <div class='ocr_carea' id='block_1_3' title="bbox 0 0 1746 5250">
    <p class='ocr_par' dir='ltr' id='par_1_8' title="bbox 0 0 1746 5250">
     <span class='ocr_line' id='line_1_41' title="bbox 0 0 1746 5250; baseline 0 0"><span class='ocrx_word' id='word_1_360' title='bbox 0 0 1746 5250; x_wconf 95' lang='lat' dir='ltr'> </span> 
     </span>
    </p>
   </div>
  </div>
 </body>
</html>
