3475 5250
688 335 912 398 war-

158 508 366 594 καταβαρύς,
390 509 604 591 κατάμεστος
627 513 817 577 vertendum
842 513 886 578 sit
904 512 1018 590 „valde
1047 514 1167 579 altus“.
1215 514 1442 598 Aristophanis

159 619 268 684 autom
295 618 358 683 loci
388 617 421 681 hi
446 623 530 696 sunt,
567 618 651 684 alter
675 619 757 686 Ach.'
779 622 843 684 544
880 621 966 685 trim.
1001 618 1181 704 ἦττολλοῦ
1216 643 1253 704 γε
1287 619 1350 686 δεῖ·
1386 624 1443 689 καὶ

157 725 268 810 κάρτα
290 725 383 808 μέντ’
409 721 452 790 ἂν
476 723 610 808 τύιθέως
629 725 835 792 καθείλκατε
850 729 1048 811 τριακοσίας
1069 732 1165 811 ναῦς.
1213 730 1313 796 Totus
1329 749 1443 796 revera

157 832 258 916 locus,
282 839 319 899 ut
343 833 464 898 scholio
489 833 651 918 docemur,
676 836 707 899 ln
736 835 980 901 similitudinem
998 836 1132 920 Telephi
1154 836 1320 920 Euripidis
1336 835 1443 906 factus

157 946 218 1022 est,
242 942 329 1007 uude
353 940 510 1008 conclusit
537 941 787 1010 Rutherlcrdius
810 943 999 1010 adverbium
1015 964 1143 1027 quoque
1158 944 1268 1027 κάρτα
1290 943 1443 1010 haustum

24 1113 25 1126 ,
157 1067 230 1115 csse
255 1069 295 1115 ex
318 1067 466 1115 sermone
483 1050 617 1132 tragico.
665 1050 707 1116 Et
730 1051 762 1116 id
779 1051 908 1134 quidem
925 1057 1020 1119 acute
1036 1053 1206 1132 iudicavit3
1231 1051 1442 1119 alterautem

24 1173 25 1178 ¹
157 1156 247 1222 locus
272 1157 342 1223 viro
368 1157 417 1221 illi
441 1157 627 1224 doctissimo
652 1175 748 1224 ansas
772 1177 836 1224 non
861 1159 960 1241 dedit,
985 1179 1042 1226 cur
1068 1178 1132 1226 non
1157 1159 1286 1226 Atticae
1309 1178 1442 1226 consue·

156 1265 280 1329 tudinis
315 1266 409 1330 testis
446 1271 532 1330 esset
568 1284 616 1330 av.
643 1267 707 1330 342
738 1265 842 1332 troch.
880 1266 955 1332 dial.
991 1270 1094 1332 τοῦτο
1117 1265 1182 1349 μὲν
1209 1264 1326 1349 ληρεῖς
1353 1265 1442 1350 ἔχων

156 1371 278 1455 κάρτα·
307 1375 384 1452 πῶς
411 1370 555 1438 atanasi
581 1372 655 1456 γάρ,
691 1371 735 1456 ἢν
759 1371 853 1454 ἅπαξ
868 1375 921 1455 *ys
944 1371 1153 1458 τώφθαλμὼ
1194 1372 1349 1459 ’κκοπῇςὶ
1385 1377 1441 1442 ad-

156 1480 284 1545 notavit
309 1481 393 1546 enim
417 1480 482 1546 1.σ.
519 1480 599 1546 nihil
625 1481 687 1548 nisi
726 1482 840 1548 “there
864 1487 951 1548 must
979 1483 1019 1547 be
1043 1501 1132 1550 some
1156 1483 1279 1549 similar
1301 1490 1440 1551 reascn“

157 1607 262 1670 neque
286 1590 383 1654 etlam
408 1589 642 1656 Wittekindius
666 1608 734 1654 rem
760 1590 956 1673 explanavit,
982 1609 1053 1656 cum
1078 1591 1189 1656 eadem
1213 1589 1282 1664 fere
1306 1592 1440 1671 diceret,

26 1657 27 1712 ἕ
157 1694 227 1760 Non
253 1695 354 1776 igitur
389 1703 439 1762 cst
465 1697 588 1780 aliquid
611 1716 716 1781 neque
746 1698 779 1762 in
809 1704 914 1763 metro
951 1717 1055 1780 neque
1090 1699 1122 1764 in
1159 1698 1301 1764 dictione
1336 1719 1440 1784 neque

25 1799 27 1891 j
156 1803 190 1868 in
214 1807 285 1869 toto
311 1809 473 1888 contextu,
498 1805 584 1888 quod
606 1806 795 1888 tragoediae
818 1805 1034 1871 imitationem
1062 1807 1179 1887 sapiat.
1227 1806 1309 1873 Nam
1331 1806 1442 1891 κάρτα

24 1919 25 1942 l
156 1912 265 1993 prisca
289 1912 398 1979 Attica
420 1932 482 1979 vox
505 1913 576 1994 luit,
601 1932 685 1995 quae
709 1931 761 1980 ras
779 1918 887 1980 tamen
905 1930 1010 1996 neque
1034 1912 1193 1995 singulari
1212 1914 1440 1996 Aristophanis

25 2014 30 2097 ξ
154 2018 227 2085 loco
244 2037 303 2084 nec
315 2019 415 2086 scolio
428 2019 484 2086 illo
502 2020 738 2102 comprobatur,
756 2020 842 2104 quod
859 2019 891 2084 in
902 2019 1065 2102 Amipslae
1080 2017 1263 2101 fragmento
1277 2026 1439 2096 servatur,

25 2104 30 2151 r
156 2125 286 2207 rrgsan
318 2129 424 2208 (uod
447 2128 472 2193 1.
498 2131 573 2212 aaa,
602 2128 678 2194 uer.
702 2128 743 2195 11.
770 2127 859 2209 vro),
896 2128 972 2194 seor.
999 2128 1041 2191 ao
1076 2129 1162 2210 apuu
1188 2128 1363 2211 Bargkium
1399 2128 1439 2194 oa

155 2232 221 2316 χρὴ
245 2233 345 2300 πολλ’
371 2233 458 2318 ἔχειν
481 2233 614 2318 θνητὸν
639 2233 839 2318 ἄνθρωπον,
866 2233 940 2300 ἀλλ’
966 2234 1051 2318 ἐρᾶν
1079 2235 1136 2300 καὶ
1163 2235 1367 2316 κατεσθίειν,
1398 2234 1439 2302 σὺ

157 2338 195 2405 dt
218 2341 329 2426 κάρτα
353 2341 465 2427 φείόῃ,
506 2362 620 2410 revera
654 2343 782 2426 poetica
809 2344 908 2410 dictio
942 2363 963 2409 a
993 2343 1103 2410 scoliis
1139 2344 1247 2409 aliena
1280 2363 1343 2409 non
1380 2350 1440 2410 est.

137 2449 222 2524 ,Sed
246 2451 279 2516 in
303 2451 389 2518 vasis
415 2451 541 2534 Atticis,
579 2451 665 2534 quod
688 2452 818 2534 legitur,
855 2456 1045 2534 argumento
1068 2450 1161 2517 nohis
1185 2456 1245 2530 est,
1271 2449 1309 2516 cl.
1334 2450 1439 2516 Klein.

157 2557 461 2640 Εἰσὶνίνςσίνσσὴν.2
487 2578 517 2641 p.
543 2559 585 2624 37
610 2555 819 2641 Σώστρατος
840 2555 948 2638 καλὸς
970 2556 1081 2640 κάρτα
1104 2558 1135 2621 in
1160 2557 1317 2640 amphora
1339 2556 1441 2640 nigris

154 2664 268 2748 figuris
293 2672 408 2733 ornata
431 2668 468 2735 V.
487 2668 629 2734 ineuntis
645 2668 775 2748 saeculi,
802 2668 908 2749 Klein,
933 2666 1170 2749 Meistersign.¹
1195 2685 1226 2748 p.
1247 2668 1309 2729 191
1331 2664 1441 2746 κάρτα

156 2770 286 2854 δίκαιος
306 2778 405 2857 χαῖρε
426 2779 525 2857 χαῖρε
549 2775 580 2840 in
607 2792 681 2841 vase
707 2779 815 2841 aetate
838 2775 1018 2857 Euphronii
1037 2774 1167 2857 pisto¹).
1216 2773 1299 2853 Sint,
1323 2772 1440 2855 quihus

155 2880 217 2948 hae
241 2883 470 2967 inscriptiones
495 2887 666 2964 suspectae
689 2882 764 2963 sint,
789 2883 875 2965 quod
897 2882 1040 2964 pictores
1069 2881 1191 2949 lormas
1215 2881 1345 2964 quidem
1368 2898 1439 2946 ver·

156 2990 270 3057 horum
294 2991 457 3058 interdum
481 3010 545 3057 non
571 2991 696 3058 Atticas
721 2991 938 3057 adhibuerint
983 2991 1021 3057 Id
1045 2991 1086 3056 ad
1111 2995 1256 3058 nostram
1277 2988 1440 3071 quaestio·

156 3117 229 3164 nem
253 3118 316 3165 non
341 3102 493 3183 pertinet,
516 3118 591 3165 nam
616 3105 649 3167 et
672 3099 902 3181 inscriptiones
925 3102 959 3165 et
974 3098 1203 3181 Aristophanis
1226 3098 1317 3165 lorus
1341 3115 1440 3178 supra

157 3206 275 3272 allatus
300 3207 362 3272 sibi
385 3208 415 3273 in
434 3208 534 3274 vicem
552 3208 801 3291 explicationem
825 3207 1035 3291 suppeditant
1058 3211 1091 3273 et
1115 3204 1307 3273 confirmant
1330 3221 1438 3269 vocem

155 3314 265 3399 adpro
287 3315 427 3399 priscam
451 3317 594 3384 Atticam
616 3315 725 3385 luisse.

261 3424 409 3507 Denique
433 3426 652 3492 adnotandum
677 3432 727 3491 ast
751 3442 869 3506 vocem,
895 3427 933 3488 ut
956 3423 1041 3505 apud
1067 3420 1281 3487 Athenienses
1305 3420 1344 3485 V.
1368 3437 1439 3485 sae·

156 3531 236 3612 culo,
273 3532 319 3597 ita
343 3533 440 3615 paulo
464 3538 538 3614 post
561 3532 646 3616 apud
676 3531 770 3597 Iones
794 3531 973 3611 evanuisse;
1010 3533 1098 3596 certe
1129 3529 1163 3595 in
1186 3528 1329 3610 linguam
1354 3544 1440 3592 com·

155 3656 282 3705 munem
306 3640 446 3721 transiit,
484 3641 559 3723 quia
588 3645 663 3723 post
687 3639 828 3707 Ctesiam
863 3638 926 3705 loci
961 3638 1047 3719 apud
1071 3635 1280 3702 Plutarchum
1310 3638 1437 3699 tantum

155 3766 232 3811 mor.
263 3747 358 3812 liOE
394 3753 426 3813 et
462 3749 548 3830 apud
571 3749 745 3815 Lucianum
772 3747 837 3813 Gal.
865 3748 885 3812 3
921 3751 954 3812 et
989 3746 1099 3813 novics
1135 3746 1169 3811 in
1203 3745 1271 3810 vita
1294 3741 1438 3823 Homeri,

155 3872 236 3937 quae
260 3854 419 3921 Herodoti
454 3874 526 3923 esse
561 3856 689 3937 dicitur,
725 3855 804 3921 mihi
839 3859 971 3938 praesto
1006 3860 1092 3920 suut.
1138 3853 1303 3919 Pristinae
1338 3849 1439 3931 igitur

156 3962 256 4027 aetati
279 3962 389 4044 adpre
401 3964 607 4032 tribuendum
631 3970 692 4045 est,
717 3983 782 4046 qua
798 3980 869 4028 cunr
893 3980 929 4027 re
952 3961 1036 4028 bene
1053 3961 1214 4027 consentit
1228 3960 1270 4037 id,
1294 3958 1381 4043 quod
1404 3956 1438 4021 iu

156 4070 330 4151 tragoediis
348 4072 553 4153 conspicitur,
578 4070 745 4155 inquibus
762 4071 940 4153 Aeschylus
965 4071 1006 4135 31
1033 4069 1067 4135 in
1091 4067 1315 4151 ttragoediis,
1340 4062 1435 4129 Euri·

155 4178 245 4257 pides
273 4181 312 4242 12
337 4178 369 4243 in
398 4181 436 4243 19
460 4179 571 4262 κάρτα
594 4181 734 4263 scripsit.

155 4358 367 4369 -ι-ο--ω-

260 4459 281 4528 1)
299 4456 332 4510 lu
344 4457 427 4511 tertio
441 4472 505 4511 vase
519 4455 653 4520 Kleinius‚
668 4453 929 4523 Liehliugsinschr.²
946 4471 972 4524 p.
987 4457 1020 4509 91
1034 4470 1088 4507 non
1101 4454 1176 4506 recte
1189 4449 1224 4504 κά
1237 4452 1254 4518 <
1259 4448 1294 4521 p)
1307 4467 1339 4501 τα
1358 4446 1437 4516 legit,

155 4546 186 4600 ol.
206 4545 392 4609 Kretschrher‚
411 4546 456 4601 dle
475 4544 578 4615 griech.
601 4544 793 4603 Vareninschr.
812 4562 838 4615 p.
859 4547 903 4609 78,
923 4543 970 4614 qul
988 4544 1132 4613 proposuit
1151 4539 1218 4596 καλά
1235 4541 1372 4610 (KAPA).

1240 4718 1274 4775 5*
