3475 5250
789 336 1028 401 -102-

272 523 333 586 τοῦ
368 515 587 598 ’Λπόλλωνος
621 519 683 582 τοῦ
719 515 756 582 ἐν
791 513 955 580 Σικυῶνι·
990 512 1063 581 κτλ.
1088 513 1238 600 (Phellon,
1262 514 1284 580 l.
1302 532 1329 580 c.
1353 533 1384 596 p.
1411 514 1487 599 242,
1507 512 1579 597 1),·

272 648 337 712 qua
370 627 403 692 in
439 645 475 692 re
498 625 735 709 respiciendum
772 627 823 691 est
855 623 937 689 talia
973 623 1103 690 nomina
1132 622 1291 707 religione
1325 628 1455 689 sacrata
1478 641 1554 706 per·

272 736 401 799 vetusto
425 747 506 811 esse,
541 734 578 794 ut
602 747 641 794 ex
663 727 859 795 testimoniis
891 730 1000 797 allatis
1025 729 1263 809 concludamus,
1294 748 1404 797 vocem
1428 727 1555 813 βουνός

273 841 359 923 αραι]
383 839 558 904 Dorienses
582 842 694 904 aetate
724 837 804 904 satis
828 843 955 905 remota
989 839 1021 904 in
1051 857 1111 904 usu
1134 836 1246 904 luisse.
1293 837 1383 917 Quae
1408 855 1478 902 cnm
1508 837 1555 902 ita

272 949 348 1030 sint,
385 965 481 1013 causa
504 965 569 1012 non
593 950 653 1026 est,
679 963 734 1010 cur
758 944 952 1027 dubitemus,
989 946 1067 1029 quin
1096 946 1196 1011 etiarn
1219 945 1306 1028 apud
1330 943 1552 1028 Syracusanos

273 1055 428 1135 floruerit,
460 1054 545 1137 quod
569 1053 771 1137 Phrynichus
799 1053 870 1120 loco
894 1073 995 1136 snpra
1024 1052 1126 1120 allato
1151 1054 1297 1120 tradidit.
1344 1051 1449 1118 Aliter
1472 1050 1556 1116 iudi-

274 1164 360 1230 cavit
382 1160 549 1229 Kaibelius
579 1161 599 1226 l.
619 1179 657 1244 α,
692 1178 763 1226 cum
799 1162 974 1229 adnotaret
1002 1161 1238 1245 Syracusanum
1262 1151 1434 1227 Atticistas
1462 1177 1557 1225 voca·

273 1271 383 1337 bulum
419 1289 458 1336 ea
493 1270 563 1336 sola
598 1270 638 1336 de
674 1288 772 1336 cansa
794 1269 990 1353 appellasse,
1026 1270 1112 1355 quod
1147 1276 1182 1336 et
1216 1269 1303 1353 apud
1333 1266 1555 1333 Philemonem

274 1377 511 1462 Syracusanum
529 1381 568 1444 et
591 1378 678 1460 apud
702 1376 902 1461 Aeschylum
925 1378 1157 1460 repperissent.

381 1486 489 1552 Etiam
513 1485 599 1568 apud
616 1483 750 1568 Cyprios
773 1484 900 1569 βουνός
922 1484 1081 1568 peculiari
1104 1485 1235 1568 quidem
1258 1482 1499 1567 significatione
1522 1483 1567 1578 in·

170 1611 173 1620 ·
275 1613 334 1660 usu
359 1592 431 1676 luit,
464 1591 502 1662 ci.
527 1592 664 1675 Hesych.
690 1590 832 1675 βουνός·
865 1590 983 1677 στιβὰς
1005 1590 1154 1675 Κύπριοι
1177 1590 1374 1674 (Hoffmann,
1400 1609 1448 1673 gr.
1472 1589 1557 1655 Dial.

275 1703 299 1767 Ι.
329 1721 361 1785 p.
393 1700 477 1783 110),
514 1699 569 1764 uhi
605 1699 800 1766 Herwerden
836 1699 898 1769 lex.
933 1702 1039 1784 suppl.
1074 1702 1195 1784 p.159
1231 1701 1302 1768 sine
1336 1699 1425 1765 insta
1460 1716 1558 1764 cansa

276 1809 479 1876 scribendum
517 1811 627 1873 censet
655 1805 857 1891 Κυρηναῖοι.
905 1809 1053 1875 Incertae
1093 1814 1202 1876 autern
1237 1807 1373 1891 originis
1408 1812 1460 1873 est
1493 1806 1558 1872 He·

275 1917 377 2002 sychii
415 1915 550 2002 βουνοί·
589 1912 712 2000 βωμοί.
760 1916 908 2000 Denique
932 1924 1043 1985 notum
1079 1922 1130 1984 est
1164 1935 1275 1983 vocem
1298 1935 1362 1982 non
1386 1914 1489 1982 solum
1525 1916 1558 1982 in

274 2027 386 2106 lingua
414 2023 584 2106 communi,
620 2024 853 2090 verumetiam
883 2026 915 2090 in
944 2025 1101 2092 hodierno
1126 2024 1323 2092 Graecorum
1347 2042 1495 2092 sermone
1518 2024 1558 2089 de

277 2132 358 2200 colle
375 2131 535 2214 usurpari,
561 2131 600 2196 cl.
616 2130 752 2217 Thumb,
778 2132 808 2201 d.
826 2133 946 2215 griech.
965 2132 1109 2217 Sprache
1130 2153 1162 2216 p.
1180 2135 1257 2214 224,
1281 2132 1393 2216 Polyb.
1418 2134 1448 2198 3.
1467 2133 1520 2198 83.
1539 2133 1555 2196 l

279 2241 330 2322 al,
361 2240 449 2306 LXX
477 2237 727 2323 (certicefore),
752 2241 1066 2325 Duonngeglossar.
1092 2243 1117 2308 1.
1142 2262 1172 2325 p.
1198 2243 1274 2306 221.

385 2350 453 2414 Iam
476 2346 549 2414 finis
566 2346 733 2415 faciendus
758 2353 818 2427 est,
844 2354 881 2416 ut
896 2350 1120 2432 diiuhicemm,
1145 2369 1220 2415 num
1238 2354 1327 2417 recte
1344 2366 1453 2415 uocem
1476 2348 1563 2414 inter

278 2456 430 2540 Aeschyli
452 2455 623 2523 Siceliotas
657 2458 871 2540 posuerimus.
918 2458 1024 2525 Unum
1055 2463 1181 2524 tanturn
1217 2461 1277 2540 est,
1313 2457 1399 2539 quod
1431 2460 1563 2523 nostrae

279 2565 461 2633 sententiae
485 2564 601 2645 obstet,
639 2565 667 2632 si
697 2567 873 2633 contendas
897 2567 1091 2652 Aeschylum
1116 2567 1266 2635 Doricam
1302 2585 1413 2635 vocem
1441 2566 1563 2651 lyricae

280 2673 388 2756 poesis
412 2672 554 2740 sermoni
583 2673 712 2754 ‹leberi3
748 2676 833 2758 qnod
862 2695 933 2741 curn
961 2674 1082 2743 lactum
1110 2695 1183 2742 esse
1200 2694 1310 2769 *posse
1339 2675 1561 2755 concedamus,

280 2780 312 2845 id
337 2780 511 2846 statuimus
545 2786 691 2848 nostram
715 2782 911 2851 sententiam
945 2803 1008 2850 non
1038 2785 1195 2851 minorem
1219 2784 1288 2851 veri
1312 2784 1454 2867 speciem
1478 2802 1558 2867 prae

281 2906 316 2953 se
346 2885 441 2969 ferre,
477 2889 670 2970 praesertim
700 2908 772 2956 curn
799 2909 861 2956 von
884 2888 1012 2975 βουνός
1047 2893 1134 2975 apud
1157 2893 1332 2960 Dorienses
1366 2910 1431 2957 non
1466 2890 1561 2957 obvia

281 2992 344 3059 nisi
367 2993 401 3059 in
425 2995 607 3063 nominibus
630 2997 773 3080 propriis
797 3017 817 3064 a
840 2998 1022 3083 Phrynicho
1041 2999 1256 3085 ‘Syracusanis
1281 2999 1488 3067 attribuatur.

824 3264 1017 3334 ΚΥΔΑΖΩ.

388 3447 503 3513 Aesch.
538 3445 601 3528 ing.
627 3448 669 3511 94
700 3442 797 3512 οὔτοι
826 3444 955 3529 γυναιξί
983 3444 1241 3530 κυὸάζεσυαι
1275 3465 1359 3514 serv.
1394 3451 1427 3516 in
1462 3450 1560 3517 schol.

282 3554 380 3639 Soph.
405 3554 455 3621 Ai.
481 3556 554 3619 722.
601 3554 671 3620 Ηοτ
688 3556 820 3622 uerbum
844 3556 944 3621 etiarn
960 3554 1136 3638 Sophocles
1160 3555 1291 3623 exhibet
1319 3556 1368 3623 Αἰ.
1395 3560 1459 3623 722
1475 3559 1563 3625 trim.

280 3664 387 3747 μέσον
411 3660 448 3727 cla*
471 3659 682 3744 κροσμολὼν
707 3664 909 3747 στρατήγιον
932 3660 1158 3746 κυὸάζεται
1181 3666 1376 3744 rotgarium
1405 3662 1563 3748 Ἀργείοις

282 3767 380 3853 ὁμοῦ.
428 3767 597 3851 Significat
620 3770 759 3853 quidem,
795 3777 832 3837 ut
861 3772 1124 3854 agrammaticis
1148 3772 1309 3851 docemur,
1348 3772 1560 3855 „obiurgare“

282 3885 316 3945 et
338 3876 539 3944 rarissimum
556 3879 746 3945 vocabulum
771 3885 831 3963 est,
857 3880 943 3962 quod
968 3884 1100 3962 praeter
1123 3881 1266 3963 tragicos
1290 3885 1405 3962 poetas
1429 3882 1499 3947 solo
1522 3882 1564 3948 ab

281 3985 476 4070 Epicharmo
493 3990 678 4069 usurpatur,
704 3986 742 4054 cl.
759 3986 820 4071 irg.
847 3988 912 4054 6Κ.
938 3988 971 4054 in
987 3988 1086 4055 schol.
1112 3989 1152 4054 ad
1169 3988 1270 4071 Soph.
1286 3987 1346 4055 loc.
1372 3986 1561 4071 κυὸάζεται·

282 4095 339 4160 καὶ
373 4091 579 4178 Ἐπίχαρμος
612 4092 649 4159 ἐν
685 4090 833 4178 Ἀμύκῳ·
868 4093 1005 4178 Ἄμυκε,
1029 4095 1076 4179 μὴ
1100 4093 1251 4178 κύὸαζέ
1273 4116 1345 4178 μοι
1367 4093 1429 4162 τὸν
1462 4112 1563 4179 arpeo·

283 4200 428 4286 βύτερον
452 4200 633 4286 ἀδελφεόν,
658 4208 691 4269 et
714 4202 774 4285 frg.
801 4204 854 4270 35.
874 4204 941 4270 6Κ.
972 4205 1065 4288 τήνῳ
1089 4201 1323 4286 κυδάζομαί
1344 4221 1382 4268 τε
1404 4202 1489 4268 κάτ’
1514 4201 1564 4269 ὧν

283 4308 452 4395 ἠχθόμαν.
502 4310 649 4394 Denique
685 4317 791 4378 exstat
828 4313 913 4395 apud
942 4312 1147 4395 Apollonium
1183 4311 1343 4378 Rhodium
1367 4311 1393 4377 Ι.
1421 4312 1505 4376 1337
1541 4309 1564 4394 ἦ

284 4418 378 4502 μάλα
402 4418 444 4502 hri
468 4440 511 4502 με
534 4424 629 4504 κακῷ
654 4418 886 4488 ἐκυδάσσαο
901 4418 1018 4503 μύθῳ,
1042 4421 1097 4488 uhi
1121 4420 1296 4486 scholiasta
1320 4420 1455 4486 adnotat
1478 4415 1564 4483 ἐλοι-

285 4525 451 4609 ὂόρησας·
487 4525 592 4610 κύὸος
618 4527 681 4613 γὰρ
710 4528 898 4613 ἀρσενικῶς
926 4526 1022 4612 παρὰ
1045 4526 1315 4612 Συρακοσίοις
1338 4525 1410 4593 κτλ.
1441 4526 1497 4611 (gl.
1522 4527 1564 4590 26
