3475 5250
696 309 918 374 -39..,

359 537 638 638 onoupouor,
665 555 948 639 enouporrnu
973 557 1248 630 ouounonm.

274 702 312 773 cf.
337 701 545 784 Rutherford,
570 721 600 767 n.
625 700 701 766 Phr.
725 720 757 784 p.
778 702 828 782 15,
854 701 1045 784 Wittelrind,
1069 722 1101 785 p.
1119 705 1171 768 37.

273 813 378 878 Prom.
409 813 472 875 659
503 809 596 894 (658)
625 810 710 875 trim.
749 808 767 874 ὁ
803 807 835 873 θ’
867 808 903 890 ἔς
937 802 976 874 τε
1007 807 1122 876 Πυθὼ
1156 810 1240 875 κάπὶ
1271 810 1444 896 Δωδώνης

166 917 322 1000 πυκνοὺς
341 917 346 1006 1
366 917 634 1001 θεοπρόπους
658 913 782 984 ἴαλλεν.
815 915 911 999 Soph.
932 918 1045 984 Trach.
1064 919 1128 983 822
1145 918 1230 984 chor.
1249 918 1378 1000 τοῦπος
1401 921 1441 986 τό

162 1025 420 1109 θεοπρόπον.
477 1023 538 1107 frg.
563 1029 646 1107 trag.
675 1024 784 1106 adosp.
810 1027 872 1088 106
902 1019 1042 1090 Nauck²
1066 1054 1110 1079 =
1132 1024 1193 1107 lrg.
1221 1045 1298 1093 com.
1330 1030 1441 1111 adesp.

167 1135 256 1198 1232
280 1133 384 1216 (Koch
399 1132 458 1198 ΠΙ.
477 1134 550 1205 612,
574 1131 648 1197 Mei.
664 1131 718 1198 IV.
737 1132 815 1214 610)
839 1132 925 1197 trim.
948 1131 1322 1213 opprimendorum.
1340 1139 1390 1200 11.
1409 1138 1439 1220 3,

164 1244 215 1305 16.
236 1244 265 1306 6.
285 1243 304 1307 2
327 1241 349 1322 ἡ
374 1238 464 1321 (δεῦρ’
491 1237 572 1318 ὁδός
596 1257 648 1303 σοι
672 1241 705 1304 τί
727 1237 870 1304 όόνοτοι
891 1238 988 1324 [νῦν]
1010 1238 1229 1324 θεοπρόπε.
1278 1244 1355 1311 eico.
1378 1247 1441 1309 νῦν
1477 1290 1479 1294 .

162 1347 275 1428 Cobet,
312 1347 366 1430 qui
401 1367 472 1412 nov.
495 1346 570 1412 lect.
595 1366 626 1429 p.
646 1348 687 1411 29
722 1347 911 1429 tragoediae
946 1366 1075 1414 versum
1109 1349 1290 1437 vindicavit.
1345 1352 1440 1432 Apud

161 1456 356 1539 Aeschylum
379 1454 582 1538 θεοπρόπος
608 1455 778 1537 „nuntius“
802 1459 861 1535 est,
887 1457 942 1538 qni
966 1455 1094 1521 oraculo
1119 1456 1311 1522 consulendo
1335 1458 1437 1523 mitti·

160 1568 227 1640 tur;
270 1564 356 1645 apud
393 1562 584 1645 Sophoclem
623 1561 783 1629 adiectiva
820 1563 852 1627 vi
887 1581 957 1628 cum
991 1581 1070 1628 voce
1108 1561 1191 1644 ἔπος
1229 1565 1435 1630 coniunctum

160 1669 325 1753 significat
355 1670 552 1754 ,μάντευμα
580 1670 806 1750 vaticinium“;
841 1670 876 1734 in
910 1669 1090 1752 fragmento
1124 1675 1232 1737 autem
1261 1671 1436 1739 verisimile

161 1782 212 1842 ost
236 1774 441 1859 θεοπρόπον
463 1777 581 1843 iterum
604 1777 751 1858 nuntium
774 1795 855 1858 esse,
891 1796 930 1842 ex
958 1796 1021 1860 quo
1053 1784 1236 1861 quaeratur,
1273 1781 1350 1861 quid
1373 1780 1436 1846 sibi

159 1885 240 1952 uelit
265 1885 287 1967 η
312 1882 401 1966 όεόρ’
426 1882 508 1965 όόός
530 1884 604 1963 „via
628 1886 669 1951 ad
693 1886 858 1952 oraculum
881 1884 998 1951 facta“.

159 2024 162 2030 =
269 1989 471 2075 θεοπρόπος
499 1992 631 2074 eiusque
661 1993 808 2058 derivata
838 1994 925 2077 apud
954 1993 1078 2060 Atticos
1107 1994 1281 2077 scriptores
1310 1993 1438 2061 omnino

160 2119 224 2165 non
250 2099 467 2182 reperiuntur,
492 2099 643 2183 leguntur
667 2105 774 2167 autem
797 2101 862 2166 iam
894 2102 980 2182 apud
1002 2102 1178 2167 Homerum
1207 2104 1246 2169 de
1269 2107 1353 2176 vate,
1383 2103 1439 2184 qui

161 2208 295 2274 oracula
318 2208 375 2274 dat
399 2212 432 2273 et
455 2207 605 2290 prodigia
628 2207 874 2290 interpretatur.
909 2208 1071 2274 Adiectivi
1094 2210 1159 2274 vim
1181 2209 1280 2276 habet
1302 2206 1340 2273 N
1353 2211 1394 2274 10

377 2311 516 2397 Κάλχας
623 2313 824 2398 θεοπρόπος
848 2317 1038 2398 οἰωνιστής,

161 2421 359 2490 substantivi
383 2426 491 2488 autem
517 2444 538 2487 α
554 2425 618 2488 416

377 2528 457 2594 οὔτε
479 2527 694 2612 θεοπροπίης
718 2528 920 2614 ἐμπάζομαι,
944 2528 1064 2612 ἥντινα
1086 2530 1198 2611 μήτηρ

376 2637 412 2719 ἐς
434 2639 582 2721 μέγαρον
604 2635 778 2703 καλέσασα
800 2637 1003 2719 θεοπρόπον
1027 2636 1206 2719 ἐξερέηται,

161 2746 240 2809 item
255 2742 295 2809 M
303 2747 376 2811 228.
400 2746 492 2811 Unde
505 2746 668 2811 oraculum
681 2750 730 2811 est
743 2744 957 2827 θεοπρόπιον
969 2743 1002 2809 Α
1012 2747 1053 2810 85
1065 2743 1247 2826 θαρσησας
1257 2742 1351 2827 μάλα
1364 2743 1437 2809 είπὲ

161 2850 379 2935 θεοπρόπιον
403 2850 455 2917 ὅτι
471 2850 586 2933 οίσθα,
611 2854 679 2918 sim.
699 2851 729 2916 Z
739 2854 815 2918 438.
845 2853 918 2917 Pari
936 2870 1034 2917 sensu
1048 2857 1226 2935 usurpatur
1241 2849 1438 2933 θεοπροπία

162 2957 194 3023 Α
217 2961 285 3025 385
316 2959 456 3044 ἀγόρευε
483 2958 699 3044 θεοπροπίας
726 2960 870 3025 ἑκάτοιο.
917 2957 949 3023 Α
971 2961 1012 3025 87
1037 2957 1200 3023 Δαναοῖσι
1222 2957 1438 3040 θεοπροπίας

163 3064 373 3150 ἀναφαίνεις.
409 3066 441 3132 Λ
454 3071 472 3132 7
476 3065 619 3133 94:11
628 3071 670 3133 36
688 3068 716 3133 εί
732 3065 769 3133 dt
785 3086 860 3132 τινα
877 3068 977 3150 φρεσὶ
991 3065 1050 3149 ᾖσι
1063 3064 1280 3148 θεοπροπίην
1297 3064 1437 3130 ἀλεείνει

164 3174 202 3239 de
220 3174 355 3259 Achille,
380 3178 434 3258 qui
457 3177 616 3259 repondet
638 3173 677 3240 Π
690 3178 788 3240 5οε
801 3197 823 3239 α
839 3176 904 3239 415
928 3193 1027 3257 supra
1042 3173 1129 3241 allat.
1144 3202 1189 3227 =
1199 3170 1222 3256 β
1238 3175 1299 3238 201

532 3281 611 3349 οὔτε
633 3282 848 3366 θεοπροπίης
872 3280 1073 3364 ἐμπάζομαι.

164 3388 225 3466 Qui
249 3387 451 3472 θεοπρόπος
474 3394 534 3474 est,
563 3389 758 3473 θεοπροπεῖ
778 3389 810 3454 Α
830 3391 893 3455 109
909 3418 955 3444 =
970 3386 1000 3453 Β
1016 3390 1080 3453 322
1095 3417 1141 3443 --
1156 3384 1179 3470 β
1197 3390 1268 3454 184.
1315 3388 1436 3454 Eodem

167 3512 263 3562 sensu
288 3497 366 3562 dicit
389 3497 547 3563 Pindarus
571 3497 665 3580 Pyth.
682 3498 736 3565 lV.
757 3499 819 3562 190

514 3604 636 3687 μάντις
659 3604 825 3687 ὀρνίχεσσι
848 3602 906 3668 καί
928 3600 1083 3684 κλάροισι

516 3709 745 3794 θεοπροπέων
769 3712 874 3793 ἱεροῖς
896 3708 1034 3793 Μόψος.

166 3822 199 3882 et
221 3818 336 3884 Bacch.
353 3818 410 3884 XI.
427 3822 465 3883 41

555 3924 577 4008 ἤ
601 3944 676 3992 τινα
699 3924 918 4009 θευπροπίαν
942 3924 1050 4007 είὸὠς.

269 4034 312 4099 Et
332 4032 546 4118 θεοπρόπιον
562 4035 689 4118 quidem
706 4032 974 4116 significationem
991 4033 1135 4099 vaticinii
1150 4044 1277 4112 semper
1292 4030 1436 4108 retinuit,

168 4136 1173 4225 ef.Herod.1.7‚54‚68,69‚165‚111.64,V11.117‚1x.93.'
1195 4137 1438 4219 θεοπρόπος

170 4255 274 4315 antem
310 4251 394 4333 apud
417 4250 530 4316 Iones
561 4250 666 4333 quinti
690 4257 723 4317 et
745 4250 853 4333 quarti
876 4249 996 4316 saeculi
1023 4248 1240 4329 „nuntium“
1265 4243 1436 4325 significat,

169 4358 221 4438 qui
244 4358 366 4423 oraculi
390 4357 575 4423 consulendi
599 4359 706 4440 gratia
729 4359 883 4424 mittitur:
909 4359 1027 4424 Herod.
1044 4357 1069 4421 Ι.
1086 4359 1125 4420 61
1143 4356 1343 4437 πέμψαντες
1357 4349 1437 4416 θεο-

171 4464 325 4546 πρόπους
348 4464 385 4545 ἐς
407 4461 563 4546 Δελφοὺς
587 4464 800 4547 ἐπειρώτων·
830 4465 941 4531 eadem
965 4465 1090 4531 ratione
1114 4482 1175 4527 vox
1196 4461 1316 4542 legitur
1339 4459 1365 4524 1.
1383 4461 1435 4539 48,

172 4571 221 4651 18,
246 4573 318 4649 158,
346 4574 419 4653 174,
443 4572 481 4637 V.
499 4574 551 4654 79,
576 4572 699 4653 vum,
719 4574 791 4654 135,
817 4572 1075 4654 VIL140,141.
1111 4570 1193 4638 Sunt
1215 4585 1328 4635 revera
1352 4568 1437 4649 apud
