3475 5250
826 324 1047 388 ..¹¹18-

293 505 435 572 Graecos
460 503 645 586 scriptores,
670 503 746 567 Loci
771 507 890 583 autem,
915 501 971 568 ubi
988 499 1195 586 διαβάλλειν,
1219 505 1317 570 sicuti
1340 502 1577 588 παραβάλλειν

297 613 502 695 „accederet
528 609 690 694 siguificat
709 611 867 690 „traicere
876 615 902 690 “,
918 611 952 674 hi
969 611 1035 676 lero
1053 617 1146 676 sunt:
1172 613 1287 679 Aesch.
1304 612 1365 695 frg.
1381 617 1433 677 69.
1452 615 1471 678 3
1489 613 1575 678 chor.

293 718 401 802 δέπας
436 719 472 784 dv
499 719 549 800 τῷ
574 715 784 800 διαβάλλει
817 716 931 783 πολὺν
955 715 1140 801 οίδμάενυα
1176 722 1272 803 φορᾷ
1307 718 1439 804 δρόμου
1463 719 1576 802 πόρον

294 825 413 908 συδείς
435 832 512 894 rest.
538 827 581 890 Μ.
608 825 768 903 Schmidt;
793 825 868 890 Eur.
887 825 998 908 Suppl.
1026 828 1088 890 931
1116 828 1202 893 trim.
1229 831 1319 910 φυγῇ
1342 826 1433 909 πρὸς
1455 825 1578 910 Ἄργος

293 932 524 1018 διαβαλεῖν,
549 934 645 1001 Rhes.
673 935 734 997 lli
761 934 849 998 trinu.
882 934 1034 1017 γεφύρας
1065 931 1328 1017 διαβαλοῦσι.
1372 935 1462 1000 Ηεεο
1486 935 1579 1001 testi-

294 1043 403 1107 monia
427 1047 557 1108 exstant
594 1041 680 1124 apud
705 1041 848 1123 tragicos
884 1047 1008 1123 poetas,
1056 1043 1136 1107 Tum
1163 1042 1249 1126 apud
1273 1043 1368 1109 Iones
1391 1041 1578 1108 Herodotus

292 1150 439 1233 exempla
454 1150 590 1232 praehet
613 1151 651 1218 V.
677 1151 718 1213 34
745 1148 878 1215 ἐπείτε
906 1147 1102 1233 διέβαλον
1126 1149 1164 1215 εἰι
1186 1155 1249 1234 τῆς
1272 1147 1360 1215 Χίου
1384 1147 1456 1230 τὰς
1478 1150 1577 1228 νέας

291 1256 414 1339 dccciv
437 1255 565 1339 Νάξον,
590 1256 685 1322 simil.
712 1257 749 1323 V.
776 1258 833 1332 33;
862 1258 917 1326 VI.
943 1261 986 1321 44
1016 1257 1054 1322 ἐκ
1075 1257 1141 1339 μὲν
1166 1256 1281 1324 Θάσου
1305 1253 1578 1339 διαβαλόντες

291 1364 411 1447 πέρην,
440 1365 535 1431 simil.
561 1364 616 1432 IX.
637 1367 711 1430 114.
759 1365 852 1447 Apud
871 1364 1085 1436 Athenienses
1102 1370 1211 1430 autem
1226 1365 1310 1430 hunc
1325 1383 1419 1430 usum
1437 1364 1577 1456 valuisse

291 1475 386 1538 testis
410 1474 539 1556 quidem
556 1473 645 1538 dubii
662 1473 775 1554 plenus
794 1477 845 1538 est
862 1471 1073 1556 Thucydides,
1099 1472 1154 1555 qui
1170 1472 1285 1538 scribit
1307 1472 1348 1539 11.
1374 1472 1417 1536 83
1433 1468 1577 1556 (αὐτῶν)

292 1577 330 1645 ἐκ
346 1575 499 1662 Πατρῶν
516 1582 577 1661 τῆς
598 1576 734 1661 Ἃχαίας
756 1577 846 1661 πρὸς
868 1578 932 1661 τὴν
957 1578 1141 1661 άντίπερας
1160 1577 1304 1662 ἤπειρον
1327 1574 1578 1661 διαβαλλόν-

291 1706 386 1766 των,
412 1688 465 1753 Vl.
492 1689 534 1753 30
552 1685 602 1768 ὡς
617 1685 752 1753 ἐπεῖδεν
769 1737 777 1752 .
792 1735 799 1752 .
816 1684 879 1752 τὸν
900 1684 1016 1751 Ἰόνιον
1037 1683 1324 1769 διαβαλοῦσιν,
1347 1684 1403 1752 VI.
1421 1686 1464 1748 44
1482 1683 1504 1747 ά
1520 1683 1577 1767 (sc.

289 1793 415 1878 πλοῖα)
429 1795 624 1861 τότεπάνια
638 1795 676 1860 ἐκ
688 1798 750 1878 τῆς
758 1792 941 1878 Κορκύρας
953 1790 1222 1876 ξυνδιέβαλλε
1233 1791 1295 1858 τὸν
1308 1790 1425 1858 Ἰόνιον
1433 1787 1577 1855 κόλπον.

291 1902 381 1981 erod
406 1920 482 1968 vcro
518 1903 570 1968 hic
593 1922 670 1971 usus
699 1904 739 1968 ab
763 1903 874 1969 Attica
899 1902 1130 1969 consuetudine
1160 1921 1223 1968 nou
1248 1901 1415 1981 abhorret,
1453 1899 1578 1982 grauis·

290 2009 390 2074 simus
408 2009 503 2076 testis
521 2015 571 2077 est
588 2011 784 2090 Demetrius
800 2010 922 2076 veteris
939 2009 1125 2076 comoediae
1141 2015 1240 2092 poeta
1256 2007 1308 2092 (cl.
1323 2008 1479 2074 Meinelrii
1496 2007 1573 2072 hist.

291 2117 361 2182 crit.
389 2118 530 2202 adeso),
556 2118 611 2201 qui
628 2117 725 2201 paulo
743 2122 818 2200 post
835 2137 954 2184 annum
972 2119 1037 2182 408
1054 2117 1187 2200 scripsit
1209 2115 1271 2197 frg.
1292 2120 1307 2181 1
1326 2114 1432 2202 (Koch
1455 2114 1480 2179 1.
1500 2115 1574 2191 795,

290 2223 364 2288 Mei.
382 2224 421 2289 Il.
442 2227 482 2290 87
487 2224 520 2310 6)
538 2221 786 2308 διεβάλομεν
802 2222 842 2290 ιδ
859 2223 1010 2306 πέλαγος
1025 2226 1073 2305 είς
1085 2221 1317 2304 Μεσσαπίους.
1346 2223 1576 2289 Recentiorum

289 2331 428 2414 denique
443 2332 637 2415 scriptorum
668 2333 852 2399 imitatores
869 2333 1064 2399 Plutarchus
1081 2335 1155 2398 Aut.
1174 2334 1226 2413 62,
1252 2332 1420 2413 Arrianus,
1445 2328 1576 2396 Cassius

289 2437 349 2504 Dio
375 2458 484 2506 vocem
507 2441 568 2505 hoc
591 2459 689 2506 sensu
713 2441 907 2506 instructam
933 2440 1096 2506 exhibent.

396 2547 485 2613 Haec
509 2548 676 2633 habemus,
712 2567 796 2632 qnae
831 2549 871 2615 de
894 2566 973 2614 voce
998 2544 1194 2631 διαβάλλειν
1220 2547 1356 2612 dicenda
1379 2552 1464 2627 sunt,
1500 2564 1575 2612 nam

288 2654 418 2737 longum
443 2662 493 2721 est
510 2658 678 2739 exemplis
701 2658 921 2739 comprobare,
947 2656 1033 2739 quod
1048 2658 1136 2721 inter
1152 2674 1262 2722 omues
1279 2660 1415 2733 constat,
1439 2655 1576 2720 localem

288 2780 416 2829 sonsum
440 2764 583 2845 priorem
611 2770 644 2829 ct
675 2765 887 2847 originarium
911 2784 992 2846 esse,
1029 2784 1123 2847 quem
1149 2765 1234 2847 quod
1271 2764 1358 2845 apud
1383 2762 1575 2846 Aeschylum

287 2868 434 2951 legimus,
460 2872 577 2937 mirum
600 2891 666 2938 non
690 2878 749 2940 est.

863 3066 994 3135 ΟΡΓΗ.

394 3212 516 3277 Eadem
540 3212 607 3277 iere
632 3217 731 3295 atque
755 3212 795 3277 de
818 3212 1032 3278 antecedente
1061 3230 1139 3277 voce
1168 3210 1261 3277 uobis
1285 3212 1472 3278 adnotanda
1497 3216 1574 3278 sunt

287 3319 428 3385 deunce
452 3317 545 3402 ὀργή,
571 3319 610 3385 δε
634 3338 698 3401 qua
716 3318 874 3383 Dicuerus
898 3318 919 3382 l.
937 3337 963 3383 c.
987 3338 1018 3401 p.
1048 3318 1166 3401 ldsqq.
1193 3320 1326 3401 egregie
1350 3320 1573 3403 quaestionem

288 3427 482 3509 explanavit,
506 3432 543 3491 ut
560 3425 781 3508 praeferamus
798 3426 990 3509 gravissima
1006 3432 1133 3491 tautum
1150 3426 1219 3492 eius
1236 3434 1429 3511 argumenta
1444 3426 1572 3507 afferre,

287 3554 328 3600 nc
351 3539 452 3601 totam
478 3535 699 3617 quaestionem
724 3536 793 3599 siue
819 3534 893 3600 novi
918 3534 1040 3617 aliquid
1064 3532 1217 3600 afferendi
1242 3553 1300 3617 spe
1323 3541 1518 3616 repetamus.

256 3731 257 3735 Ἰ
393 3643 441 3707 [ίε
466 3642 568 3724 stirpe
593 3642 726 3725 eiusque
756 3660 852 3707 sensu
878 3642 1053 3732 originario
1080 3641 1117 3707 cl.
1142 3642 1325 3707 Prclluitzii
1350 3642 1412 3707 lex.
1438 3643 1570 3725 etymol.

286 3768 311 3815 s.
330 3768 358 3815 v.
384 3748 488 3832 ὀργάς
513 3751 700 3831 „strotzend
717 3798 725 3813 .
744 3754 773 3814 .“
801 3755 834 3816 et
858 3746 983 3832 ὀργάω,
1019 3756 1191 3832 praeterea
1215 3746 1297 3832 ὀργή
1328 3752 1462 3832 eiusque
1486 3750 1572 3815 deri·

285 3861 361 3922 vata
398 3854 532 3939 ὀργίζω,
557 3855 716 3939 ὀργαίνοι,
754 3855 899 3939 ὀργίλος.
951 3856 1094 3945 Verbum
1118 3858 1247 3940 quidem
1272 3854 1387 3939 ὀργάω
1410 3856 1574 3939 significat

286 3968 460 4046 „turgere“
502 3970 536 4030 et
573 3965 802 4045 „vehementer
839 3968 977 4046 cuperc“
1020 3970 1054 4028 et
1089 3967 1230 4029 Atticum
1267 3971 1326 4040 est,
1361 3966 1451 4031 velut
1486 3965 1573 4046 apud

286 4071 479 4153 Aeschylum
513 4071 634 4154 legitur
670 4071 810 4156 Ghoeph.
849 4074 914 4137 454
944 4073 1039 4156 (441)
1074 4072 1161 4139 chor.
1197 4070 1241 4137 cd
1276 4069 1310 4136 d‘
1347 4070 1453 4152 αὐτὸς
1488 4069 1573 4155 ὄργα

285 4176 414 4260 pauleia
448 4176 543 4264 (Scal.
576 4198 636 4262 pro
662 4178 768 4263 ὀργᾷ).
817 4180 935 4264 Exstat
958 4180 1057 4245 etiam
1092 4181 1178 4262 apud
1203 4179 1420 4264 Thucydidem
1456 4180 1499 4245 11.
1516 4182 1570 4261 21,

284 4284 325 4350 ΙΙ.
346 4287 420 4365 108,
444 4286 531 4353 VIII.
551 4290 569 4351 2
587 4294 621 4353 et
637 4288 889 4370 Aristophanem
905 4290 982 4371 Lys.
1008 4290 1093 4352 1113
1118 4288 1217 4370 irim,
1242 4307 1292 4357 av.
1317 4290 1382 4353 462
1406 4308 1501 4371 anap.
1527 4288 1575 4353 al.

287 4390 530 4459 Substantivum
555 4400 664 4461 autem
690 4392 772 4479 ὀργή
798 4395 962 4476 significat
985 4397 1128 4461 innatam
1146 4397 1244 4461 animi
1268 4396 1342 4476 vim,
1366 4396 1435 4462 sive
1462 4397 1570 4475 „indo-

284 4498 368 4563 lem“
405 4500 473 4565 sive
512 4502 683 4584 „cupiendi
719 4504 896 4585 impetum“
934 4504 1093 4586 imprimis
1127 4506 1191 4572 ira
1228 4508 1430 4571 commotum.
1478 4503 1570 4567 Hanc
