3475 5250
821 253 1041 316 ..74-

290 433 387 511 mina,
413 431 538 496 vocavit
554 430 641 497 Vlll.
661 433 712 512 76,
738 431 792 496 91.
839 430 948 496 Etiam
972 435 1103 511 nautae,
1128 429 1183 512 qui
1202 428 1353 494 Arionem
1376 430 1572 492 transmare

290 539 521 620 transvehunt,
558 544 715 604 vocantur
749 537 923 620 πορθμεῑς
957 539 981 604 l.
1009 540 1051 602 24
1087 543 1121 603 et
1157 537 1263 618 navis,
1302 553 1386 618 quae
1421 534 1574 600 victualia

291 653 504 731 transportat,
542 667 604 713 non
629 647 731 712 solum
758 643 873 726 ὁλκός,
909 647 1088 712 sedetiam
1111 643 1307 727 πορθμεῖον
1346 649 1398 710 est
1421 643 1491 708 Vll.
1517 644 1574 723 25;

291 757 431 840 denique
454 757 541 821 inter
558 755 773 837 Aegyptiacos
797 754 905 832 urbeS,
929 755 1083 837 quamdiu
1098 754 1194 820 Nilus
1218 752 1300 835 ripis
1324 753 1502 835 egreditur,
1528 751 1576 816 in·

291 864 381 931 colae
405 861 667 946 πορθμεύονται
689 862 730 926 Il.
756 863 808 929 97.

399 971 435 1037 In
459 972 532 1053 ipsa
557 971 694 1036 Graecia
717 976 834 1052 poetae
869 987 979 1035 vocem
1016 968 1180 1047 exhibent,
1216 985 1352 1050 quorum
1388 965 1575 1032 testimonia

290 1081 371 1146 haec
388 1083 471 1144 sunt.
509 1077 685 1160 Aeschylus
703 1078 950 1159 Hellespontum
973 1077 1020 1142 sic
1044 1076 1191 1159 appellat
1218 1077 1307 1141 Pers.
1326 1076 1367 1139 69
1385 1073 1456 1160 (70)
1474 1074 1576 1156 chon,

293 1191 357 1251 722
394 1186 489 1270 (713)
526 1181 639 1266 trech,
677 1189 740 1250 799
777 1184 872 1273 (790)
906 1181 1035 1268 Ἕλλης
1068 1181 1248 1265 πορθμόν;
1285 1181 1437 1247 similiter
1470 1182 1575 1247 sinum

293 1295 479 1361 Saronicum
516 1294 574 1375 Ag.
614 1295 678 1358 307
715 1291 808 1376 (294)
846 1295 929 1359 trim.
968 1291 1171 1373 Σαρωνικοῦ
1206 1288 1371 1372 πορθμοῦ
1403 1288 1602 1354 κάτοπτον

292 1404 424 1484 πρῶνα,
470 1401 544 1467 Una
569 1419 640 1466 cum
664 1400 803 1466 Pindaro
829 1402 916 1485 (vide
940 1401 1038 1483 iufra)
1062 1401 1095 1466 in
1120 1399 1360 1463 transvectione
1383 1396 1577 1462 Acherontis

293 1509 436 1592 cymbam
462 1507 619 1573 Charonis
642 1509 770 1574 induxit
793 1509 852 1590 Ag.
881 1511 965 1574 1556
990 1509 1107 1594 (1517)
1132 1525 1228 1589 anap.
1260 1504 1444 1587 ὠκύπορον
1466 1502 1577 1586 πόρθ-

291 1622 396 1701 μευμ’
421 1615 542 1700 ἀχέων.
574 1617 617 1683 Ε1
640 1617 754 1683 audaci
779 1617 972 1698 metaphora
1008 1616 1090 1681 dixit
1113 1613 1256 1696 Gboeph.
1281 1615 1347 1678 685
1372 1611 1466 1699 (666)
1489 1613 1577 1677 trim-

293 1722 445 1808 ἐφετμὰς
468 1723 573 1790 τόσόε
587 1723 813 1809 πόρθμευσον
828 1722 934 1789 πόλιν
961 1725 1059 1799 ,haec
1074 1723 1228 1788 mandata
1245 1726 1407 1803 reportas
1456 1720 1579 1800 Quibus

292 1833 448 1915 exemplis
464 1833 669 1916 perspicitur,
696 1852 768 1899 eum
791 1851 902 1899 vocem
926 1833 1027 1897 libere
1042 1849 1201 1912 usurpare
1226 1834 1261 1895 et
1282 1847 1381 1896 sensu
1404 1828 1579 1910 originaris

293 1947 325 2006 et
349 1944 479 2024 poetica
514 1961 585 2007 cum
617 1941 803 2007 tralatione.
849 1941 956 2022 Prope
991 1941 1031 2005 ad
1068 1957 1140 2004 eum
1169 1939 1295 2005 accedit
1316 1937 1487 2014 Pindarus,
1524 1937 1581 2018 qui

294 2049 376 2114 dixit
411 2048 472 2130 irg.
500 2051 562 2114 120
587 2050 682 2132 (107)
706 2047 885 2133 βαρυβόαν
919 2045 1113 2130 πορθμὸν
1151 2045 1360 2128 πεφευγότες
1386 2040 1580 2128 Ἀχέροντος

295 2163 328 2224 et
351 2158 463 2224 Isthm.
490 2159 545 2224 IV.
572 2162 612 2222 57
642 2157 800 2224 Hercules
835 2152 1039 2222 ναυτιλίαισί
1072 2171 1110 2219 τε
1144 2151 1339 2236 πορθμὸν
1374 2151 1578 2236 ἁμερώσαις.

293 2265 447 2349 Sequitur
470 2265 647 2348 Sophocles
665 2268 739 2333 Ant.
768 2269 852 2330 1145
884 2264 970 2330 chor.
994 2260 1201 2347 προφάνηθι
1218 2314 1223 2330 .
1242 2259 1470 2343 ,Παρνασίαν
1492 2257 1578 2340 ὑπὲρ

293 2371 411 2438 κλιτόν
434 2373 456 2458 ἦ
481 2373 666 2439 στονόεντα
689 2371 897 2456 πορθμόν.
944 2371 1121 2438 Contentus
1145 2389 1204 2436 nos
1236 2372 1331 2436 docet
1363 2369 1483 2435 dictum
1508 2385 1579 2433 esse

294 2482 460 2565 Euripum,
493 2480 532 2549 ei.
557 2481 657 2548 schol.
682 2479 847 2563 πορθμόν
876 2477 915 2545 dt
938 2477 1021 2544 ἔνιοι
1043 2476 1106 2543 τόν
1134 2477 1195 2543 ἀπ’
1221 2475 1373 2561 Εὐβοίας
1402 2478 1450 2558 είς
1472 2475 1580 2542 Βοιω-

294 2593 380 2671 τίαν,
417 2591 449 2656 οῑ
484 2587 522 2656 de
552 2589 616 2673 τὴν
639 2587 817 2672 Σικελικὴν
852 2585 1045 2653 θάλασσαν.
1087 2586 1202 2654 Trach.
1228 2589 1289 2651 571
1317 2586 1402 2652 trim.
1438 2581 1577 2651 τοσόνύ’

295 2696 410 2787 ὀνήσει
432 2701 503 2764 τῶν
528 2697 622 2781 ἐμῶν
644 2694 860 2779 πορθμῶν.
907 2696 978 2763 Ηοο
999 2696 1070 2761 loco
1091 2694 1254 2778 πορθμός
1269 2695 1388 2761 dicitur
1411 2712 1474 2759 non
1490 2694 1580 2759 locus

295 2806 535 2886 transvehendi,
572 2806 630 2872 sed
660 2806 765 2890 ipsum
796 2803 1017 2885 transvehere,
1052 2803 1139 2886 quod
1162 2802 1283 2868 Nessus
1312 2801 1419 2868 iacere
1442 2799 1579 2867 solebat.

295 2913 437 2979 Verbum
466 2919 574 2980 autem
598 2919 791 2995 usurpatum
818 2917 868 2979 est
891 2911 1004 2979 Trach.
1031 2912 1096 2977 802
1125 2911 1212 2976 trim.
1236 2908 1472 2993 πόρθμευσον,
1508 2928 1580 2974 cum

296 3020 450 3087 Heracles
466 3019 596 3104 Hyllam
613 3020 726 3086 iubeat
742 3038 778 3085 se
795 3039 833 3085 ex
849 3017 982 3085 Euboea
997 3020 1031 3084 in
1045 3019 1264 3085 continentem
1275 3022 1398 3083 terram
1414 3022 1581 3099 transpor-

296 3135 378 3194 tare.
403 3129 515 3211 Neque
533 3129 629 3193 aliter
645 3128 817 3211 Euripides
833 3127 930 3194 huius
954 3128 1067 3210 stirpis
1085 3127 1231 3193 derivata
1247 3122 1405 3208 persaepe
1421 3124 1581 3191 adhibuit.

295 3238 394 3303 Velut
429 3233 592 3317 πορθμός
628 3237 668 3301 de
702 3235 942 3302 transvehendo
978 3236 1055 3300 Hec.
1085 3235 1169 3298 1106
1193 3231 1267 3299 mel.
1297 3232 1368 3315 lph.
1394 3231 1465 3296 Aul.
1495 3234 1580 3297 1379

297 3343 411 3425 trech,
437 3343 522 3427 Cycl.
551 3346 613 3409 108
631 3344 730 3424 trim.,
755 3343 827 3410 Hel.
848 3346 910 3408 127
935 3341 1035 3423 trim,
1053 3343 1116 3406 531
1134 3342 1232 3416 trim.,
1259 3339 1374 3406 Trocd.
1394 3341 1458 3405 102
1475 3358 1582 3423 αααρ,

297 3450 478 3536 πορθμεύς
502 3452 542 3517 de
567 3451 715 3518 Obarene
732 3451 799 3519 Alc.
827 3452 891 3517 253
909 3450 993 3529 mel,
1023 3448 1178 3532 πορθμίς
1201 3450 1241 3516 de
1258 3447 1403 3532 qualibet
1418 3447 1493 3512 navi
1509 3446 1579 3530 lph.

296 3561 391 3625 Taur.
411 3561 475 3625 355
493 3560 590 3640 trim.,
616 3559 748 3642 Hippoi.
768 3560 831 3625 753
850 3558 949 3641 chor,
968 3557 1054 3642 Cycl.
1072 3560 1137 3624 362
1148 3558 1252 3647 chor,
1277 3556 1349 3623 Hel.
1378 3556 1461 3621 1061
1480 3555 1580 3635 trim.,

296 3666 508 3751 πορθμεύειν
526 3668 565 3734 de
582 3668 845 3750 transportando,
871 3667 970 3733 etiam
986 3667 1106 3732 tralate
1122 3665 1192 3748 Iph.
1212 3665 1283 3730 Aul.
1309 3667 1340 3743 6,
1363 3663 1464 3729 Andr.
1485 3664 1582 3742 1229,

265 3760 266 3765 '
295 3768 494 3843 Troadem
513 3776 545 3841 u
563 3793 672 3859 aurp,
690 3776 722 3840 nn
741 3775 894 3841 arvernus
911 3775 982 3857 rpu.
1000 3776 1094 3839 vaur.
1114 3776 1189 3849 aee,
1214 3774 1290 3852 au,
1316 3772 1380 3835 ves
1398 3769 1451 3854 (=
1472 3770 1581 3837 arsen.

298 3884 440 3967 Choeph.
479 3881 569 3966 685),
612 3884 688 3964 936,
735 3884 831 3963 1358,
878 3884 975 3963 1435,
1015 3883 1110 3961 1445,
1149 3881 1218 3945 Ιοα.
1257 3880 1353 3960 1599,
1390 3878 1444 3944 Or.
1485 3879 1580 3958 1031,

298 3992 406 4077 [Rhes.
435 3990 530 4076 429];
568 3990 608 4058 ef.
634 3991 732 4057 etiam
755 3991 824 4057 Ion.
848 3990 910 4073 irg.
938 3991 1025 4055 18.3
1050 3990 1148 4069 trim.,
1180 3990 1242 4072 irg.
1267 3988 1378 4070 adesp.
1404 3988 1469 4053 336
1494 3986 1581 4051 trim.

298 4107 331 4167 et
356 4100 430 4182 520,
457 4105 490 4164 et
514 4097 780 4181 στενόπορθμος
801 4099 877 4164 Eur.
902 4098 973 4181 Iph.
998 4096 1070 4163 Aul.
1100 4099 1162 4162 167
1189 4096 1276 4162 chor.

404 4208 464 4282 His
487 4207 568 4274 locis
593 4207 741 4273 omuibus
765 4207 963 4291 originarius
987 4204 1217 4271 transvehendi
1241 4222 1356 4271 sensus
1379 4201 1582 4281 subauditur,

298 4316 418 4399 quain
442 4335 479 4382 re
503 4315 647 4399 tragicos
671 4319 785 4397 poetas
821 4333 892 4379 eum
915 4314 1083 4380 Herodoto
1108 4312 1290 4379 consentire
1328 4330 1392 4377 non
1414 4328 1581 4392 negamus.

299 4424 450 4488 Attamen
475 4423 508 4488 id
531 4442 595 4488 non
612 4420 741 4506 sufficit,
767 4426 804 4488 ut
819 4440 928 4488 vocem
952 4422 1038 4488 inter
1053 4421 1180 4488 Ionicos
1197 4438 1364 4503 ponamus,
1389 4418 1583 4501 praesertim

300 4550 371 4597 cum
388 4532 582 4597 testimoniis
604 4529 805 4612 gravissimis
823 4530 1052 4615 comprobetur
1069 4548 1178 4597 vocem
1203 4525 1366 4612 πορθμός
1381 4525 1583 4608 maximeque
