3475 5250
677 273 900 336 ...59-

150 451 347 534 redigantur.
395 451 539 529 Quaerat
574 452 676 535 igitur
700 452 873 535 quispiam,
908 472 983 519 num
1009 454 1131 529 eadem,
1168 473 1232 537 qua
1256 454 1360 520 adbuc
1384 455 1432 520 in·

151 559 253 642 gressi
277 577 396 630 sumus,
421 559 472 625 vla
497 577 535 624 ea
551 560 669 642 tragici
692 562 850 627 sermonis
875 561 1036 628 elementa
1060 580 1235 644 congerere
1258 563 1431 646 possimus,

151 685 232 750 quae
255 667 390 749 reliquis
407 666 605 734 Graecorum
622 668 773 750 gentibus
797 669 912 752 ignota
935 670 1059 736 usitata
1082 671 1150 736 sint
1166 670 1431 740 Atheniensibus,

256 775 299 841 At
322 792 361 840 ea
385 793 455 840 cum
479 775 513 842 in
538 776 624 841 omni
648 777 817 859 tragoedia
840 795 985 860 perrara,
1015 782 1084 843 tum
1113 778 1200 860 apud
1235 778 1429 861 Aeschylum

150 883 202 950 vix
224 900 366 966 uuquam
389 882 481 966 legis.
529 882 666 949 Unicum
682 882 761 964 fere,
786 885 873 968 quod
895 884 974 950 mihi
997 891 1129 968 praesto
1154 891 1215 966 est,
1248 887 1429 968 exemplum

152 995 257 1058 exstat
280 991 312 1055 in
336 990 568 1057 Eumenidibus
594 992 657 1056 580
675 993 769 1078 (570)
794 993 881 1058 trim.
906 1011 973 1076 seq.
999 992 1149 1074 εἰσάγω
1174 990 1212 1057 db
1234 992 1298 1075 cbo
1321 990 1431 1078 δίκην,

150 1100 205 1165 ubi
228 1100 362 1167 verbum
386 1099 510 1180 εἰσάγω
545 1118 635 1166 more
650 1099 767 1184 'Attico
803 1101 835 1164 in
860 1117 959 1165 eausa
982 1099 1118 1165 Orestae
1142 1100 1285 1181 ponitur,
1322 1102 1369 1167 ita
1392 1107 1430 1167 ut

151 1213 297 1282 oratores
321 1207 429 1274 dicere
453 1209 560 1274 solent
582 1209 671 1275 velut
694 1207 861 1275 Demosth.
888 1210 940 1273 21.
959 1211 1000 1272 47
1031 1208 1064 1272 ol
1086 1203 1301 1290 θεσμοθέται
1325 1209 1433 1274 eloa-

150 1316 307 1398 γόντων
331 1317 380 1395 εἰς
402 1313 618 1398 chohilaico
642 1335 686 1383 εο.
712 1313 775 1397 τὴν
791 1316 938 1398 γραφήν,
963 1315 1002 1381 cl.
1020 1315 1185 1397 Aristoph.
1203 1334 1292 1398 vesp.
1309 1319 1374 1382 826
1387 1316 1430 1385 al.

149 1424 264 1506 Neque
289 1423 387 1489 etiam
412 1425 524 1490 eodem
548 1425 620 1489 loco
644 1424 681 1506 is,
707 1423 761 1506 qui
780 1426 922 1507 accusat,
947 1421 1120 1488 ὁὸιώκων
1143 1429 1287 1506 vocatur,
1312 1425 1376 1490 nisi
1399 1425 1433 1492 in

150 1533 279 1598 modum
309 1530 449 1598 lorensis
476 1531 722 1598 Atheniensium
753 1530 1006 1611 consuetudinis
1044 1531 1133 1596 euius
1168 1531 1216 1596 rei
1247 1533 1435 1599 testimonia

151 1640 235 1722 apud
261 1643 408 1705 oratores
431 1639 558 1705 Atticos
594 1645 628 1706 et
651 1639 684 1704 in
709 1639 937 1722 Aristophanis
972 1639 1080 1721 vespis
1103 1638 1354 1707 innumerabilia
1388 1641 1437 1706 in·

150 1748 270 1814 venies.
318 1747 435 1812 Exstat
450 1747 580 1830 quidem
603 1746 638 1813 id
661 1747 794 1813 verbum
812 1748 924 1814 eodem
948 1766 1046 1814 sensu
1064 1747 1258 1813 instructum
1280 1747 1331 1814 bis
1349 1749 1435 1832 apud

150 1855 352 1922 Herodotum
376 1855 430 1921 VI.
458 1857 530 1934 104,
560 1856 632 1936 136,
669 1855 726 1920 sed
751 1855 891 1921 tortasse
928 1855 968 1920 ad
991 1855 1135 1920 Atticam
1165 1856 1431 1923 consuetudinem

151 1963 287 2044 recedit,
323 1963 399 2046 quia
423 1963 463 2029 de
488 1963 636 2030 Miltiade
660 1963 850 2030 Atheniensi
887 1963 1008 2029 dictum
1038 1968 1098 2044 est,
1134 1981 1236 2046 quare
1259 1963 1436 2030 secundum
1528 2005 1530 2009 .

151 2071 298 2154 regulam
322 2061 355 2136 et
379 2071 472 2154 quasi
509 2073 614 2153 legem
637 2077 783 2138 nostram
812 2072 947 2139 verbum
971 2068 1106 2136 ὁιώκεεν
1140 2088 1238 2138 sensu
1262 2072 1435 2138 accusandi

151 2186 346 2263 usurpatum
370 2199 429 2245 uec
453 2198 517 2245 non
542 2179 680 2263 φεύγειν
704 2180 867 2246 contrario
892 2198 989 2247 sensu
1024 2179 1145 2245 dictum
1167 2185 1303 2263 propter
1327 2181 1436 2262 singu-

151 2291 255 2354 larem
278 2285 527 2371 significationis
549 2287 763 2354 mutationem
787 2289 866 2354 solis
889 2288 976 2353 inter
999 2287 1141 2354 Graecas
1165 2291 1279 2369 gentes
1304 2288 1437 2355 Atheni-

153 2397 284 2465 ensibus
311 2395 521 2462 vindieamus.
566 2395 761 2462 Incredibile
779 2396 908 2478 quidem
925 2414 988 2462 nou
1006 2399 1057 2462 est
1068 2394 1270 2461 Herodotum
1286 2395 1435 2476 AtheniS,

152 2525 214 2588 qua
252 2505 285 2570 in
320 2504 401 2570 urbe
437 2509 600 2570 versatum
636 2523 708 2569 eum
744 2522 815 2571 esse
850 2504 978 2583 scimus,
1019 2502 1142 2585 copiam
1183 2507 1216 2568 et
1255 2504 1436 2571 ubertatem

150 2613 305 2681 dictionis
330 2611 468 2693 auxisse,
494 2631 558 2696 qua
582 2611 622 2677 de
645 2632 682 2679 re
705 2631 798 2679 nemo
822 2611 928 2678 adhuc
951 2610 1122 2695 quaesivit.

259 2721 351 2787 Haec
378 2720 534 2785 habemus
559 2720 599 2785 de
622 2720 754 2787 vocibus
778 2720 971 2787 recentioris
994 2719 1149 2801 Atthidis,
1175 2738 1258 2801 quae
1281 2720 1437 2787 dicamus.

153 2829 237 2895 Nam
262 2829 359 2912 plura
386 2828 566 2895 eiusmodi
590 2828 737 2895 versibus
772 2829 918 2895 inserere
942 2828 1118 2911 Aeschylus
1154 2847 1218 2894 uon
1242 2827 1314 2893 sine
1338 2845 1436 2893 causa

151 2938 278 3018 vitavit,
314 2956 355 3003 ne
379 2954 485 3003 sermo
509 2936 661 3003 humilior
699 2940 732 3003 et
767 2937 870 3019 magis
895 2937 1081 3003 comoediae
1116 2955 1212 3019 quam
1247 2936 1438 3019 tragoediae

153 3050 251 3129 aptus
268 3045 434 3112 videretur
458 3062 539 3111 esse.
589 3044 805 3112 Transeamus
828 3046 929 3127 igitur
953 3046 993 3110 ad
1015 3064 1055 3111 ea
1069 3044 1269 3128 Aeschyleae
1284 3042 1436 3110 dictionis

151 3153 264 3238 verba,
302 3152 386 3236 quae
432 3153 561 3220 Atticae
596 3153 728 3219 dialecti
764 3152 904 3220 testibus
939 3158 998 3219 aut
1020 3153 1150 3219 omnino
1187 3157 1244 3217 aut
1272 3151 1438 3235 plerisque

151 3262 266 3344 ignota
302 3265 388 3343 sunt,
423 3262 486 3327 etsi
521 3259 618 3327 fidem
646 3262 829 3328 sententiae
852 3266 984 3328 nostrae
1008 3261 1061 3327 vix
1084 3261 1253 3343 quisquam
1289 3260 1438 3341 abroget,

154 3389 225 3435 cum
258 3369 489 3449 contendamus
515 3387 553 3434 ea
576 3387 640 3435 uon
664 3369 768 3436 solum
792 3370 902 3453 prisca
925 3368 1035 3435 Attica
1058 3368 1167 3435 nescio
1203 3386 1267 3451 quo
1290 3371 1438 3450 tempore

151 3477 265 3559 luisse,
290 3496 400 3544 verum
425 3478 522 3543 etiarn
546 3477 580 3542 in
605 3478 775 3561 tragoedia
803 3478 890 3543 inter
917 3477 1026 3560 prisca
1050 3475 1160 3543 Attica
1183 3475 1330 3559 putanda
1353 3494 1435 3544 esse.

153 3588 274 3652 Variae
310 3590 419 3651 autem
453 3590 530 3651 suut
565 3603 692 3667 causae,
732 3605 751 3651 a
786 3585 902 3668 quibus
938 3584 1092 3651 iudicium
1126 3588 1274 3651 nostrum
1311 3584 1435 3666 pendit,

154 3713 290 3777 quarum
315 3692 526 3777 gravissimae
550 3693 611 3759 hae
635 3696 720 3759 sunt.
766 3692 910 3758 Primum
934 3692 1074 3776 quidem,
1099 3711 1182 3775 quae
1205 3709 1300 3758 voces
1323 3691 1357 3756 in
1380 3711 1439 3758 no-

155 3802 295 3867 minibus
330 3820 406 3867 vere
429 3802 547 3868 Atticis
576 3806 726 3869 servatae
751 3806 836 3883 suut,
875 3806 963 3868 certe
987 3800 1161 3882 aliquando
1185 3800 1218 3865 in
1242 3799 1352 3865 Attica
1375 3800 1441 3865 usi·

155 3914 247 3975 tatae
270 3907 411 3975 luerunt.
457 3908 640 3975 Nonnullae
676 3909 775 3975 etiam
798 3909 885 3975 inter
915 3908 1054 3991 vestigia
1088 3907 1247 3974 sermonis
1269 3905 1440 3974 familiaris

156 4017 352 4100 antiquioris
369 4023 542 4084 servantur
558 4018 646 4085 velut
669 4018 703 4084 in
720 4017 987 4100 inscriptionibus
1011 4021 1044 4081 et
1060 4016 1252 4083 comicorum
1269 4019 1439 4099 poetarum

155 4123 359 4208 fragmentis.
407 4125 529 4192 Multae
553 4125 669 4194 deinde
686 4125 841 4209 primario
866 4124 997 4208 quidem
1019 4143 1116 4191 sensu
1133 4123 1220 4207 apud
1235 4123 1440 4206 Aeschylum,

157 4233 279 4300 tralato
303 4238 429 4300 tantum
466 4234 551 4316 apud
576 4235 702 4299 Atticos
727 4234 903 4316 scriptores
939 4238 1149 4315 usurpantur,
1185 4232 1271 4298 unde
1294 4231 1441 4313 sequitur

158 4340 352 4424 Aeschylum
377 4341 565 4407 vetustioris
598 4340 843 4407 consuetudinis
867 4346 984 4406 testem
1010 4359 1090 4411 esse.
1140 4340 1304 4419 Quaenam
1332 4344 1441 4405 autem

158 4466 276 4514 causae
311 4449 344 4514 in
369 4466 563 4531 unaquaque
600 4467 676 4515 voce
700 4448 841 4529 valeant,
878 4448 912 4513 in
947 4448 1083 4529 singulis
1107 4448 1238 4515 vocibus
1261 4448 1441 4517 tractandis

159 4556 395 4623 adnotabimus.
