<?xml version="1.0" encoding="UTF-8"?>
<!DOCTYPE html PUBLIC "-//W3C//DTD XHTML 1.0 Transitional//EN"
    "http://www.w3.org/TR/xhtml1/DTD/xhtml1-transitional.dtd">
<html xmlns="http://www.w3.org/1999/xhtml" xml:lang="en" lang="en">
 <head>
  <title>
</title>
<meta http-equiv="Content-Type" content="text/html;charset=utf-8" />
  <meta name='ocr-system' content='tesseract 3.04.00' />
  <meta name='ocr-capabilities' content='ocr_page ocr_carea ocr_par ocr_line ocrx_word'/>
</head>
<body>
  <div class='ocr_page' id='page_1' title='image "./deaeschylicopia02alygoog_0100.png"; bbox 0 0 3475 5250; ppageno 0'>
   <div class='ocr_carea' id='block_1_1' title="bbox 824 325 1043 388">
    <p class='ocr_par' dir='ltr' id='par_1_1' title="bbox 824 325 1043 388">
     <span class='ocr_line' id='line_1_1' title="bbox 824 325 1043 388; baseline -0.005 -17"><span class='ocrx_word' id='word_1_1' title='bbox 824 325 1043 388; x_wconf 68' lang='lat'>..90„.</span> 
     </span>
    </p>
   </div>
   <div class='ocr_carea' id='block_1_2' title="bbox 297 455 1649 593">
    <p class='ocr_par' dir='ltr' id='par_1_2' title="bbox 297 455 1649 593">
     <span class='ocr_line' id='line_1_2' title="bbox 297 455 1649 593; baseline -0.007 -19"><span class='ocrx_word' id='word_1_2' title='bbox 297 508 523 593; x_wconf 80' lang='grc' dir='ltr'><em>φερέγγυον</em></span> <span class='ocrx_word' id='word_1_3' title='bbox 551 503 591 570; x_wconf 91' lang='grc' dir='ltr'><strong>τὸ</strong></span> <span class='ocrx_word' id='word_1_4' title='bbox 616 503 679 570; x_wconf 89' lang='grc' dir='ltr'><strong>σόν</strong></span> <span class='ocrx_word' id='word_1_5' title='bbox 725 501 923 592; x_wconf 79' lang='lat' dir='ltr'><strong>(Apollinis).</strong></span> <span class='ocrx_word' id='word_1_6' title='bbox 970 501 1104 570; x_wconf 80' lang='lat' dir='ltr'><strong>Accedit</strong></span> <span class='ocrx_word' id='word_1_7' title='bbox 1129 501 1297 585; x_wconf 85' lang='lat' dir='ltr'><strong>Sophoclis</strong></span> <span class='ocrx_word' id='word_1_8' title='bbox 1321 501 1411 568; x_wconf 89' lang='lat' dir='ltr'><strong>locus</strong></span> <span class='ocrx_word' id='word_1_9' title='bbox 1434 500 1485 565; x_wconf 84' lang='lat' dir='ltr'><strong>El.</strong></span> <span class='ocrx_word' id='word_1_10' title='bbox 1511 503 1575 566; x_wconf 78' lang='lat'><strong>942</strong></span> <span class='ocrx_word' id='word_1_11' title='bbox 1645 455 1649 460; x_wconf 8' lang='grc' dir='ltr'>ξ</span> 
     </span>
    </p>
   </div>
   <div class='ocr_carea' id='block_1_3' title="bbox 227 606 1584 4369">
    <p class='ocr_par' dir='ltr' id='par_1_3' title="bbox 287 606 1576 912">
     <span class='ocr_line' id='line_1_3' title="bbox 294 606 1575 698; baseline -0.006 -16"><span class='ocrx_word' id='word_1_12' title='bbox 294 618 381 682; x_wconf 89' lang='lat' dir='ltr'><strong>trim.</strong></span> <span class='ocrx_word' id='word_1_13' title='bbox 417 617 449 680; x_wconf 82' lang='lat' dir='ltr'><strong>cl</strong></span> <span class='ocrx_word' id='word_1_14' title='bbox 474 613 538 698; x_wconf 89' lang='grc' dir='ltr'><strong>γὰρ</strong></span> <span class='ocrx_word' id='word_1_15' title='bbox 566 609 724 694; x_wconf 81' lang='grc' dir='ltr'><em>κελεύεις,</em></span> <span class='ocrx_word' id='word_1_16' title='bbox 761 609 810 678; x_wconf 85' lang='grc' dir='ltr'><strong>ῶν</strong></span> <span class='ocrx_word' id='word_1_17' title='bbox 842 610 908 693; x_wconf 81' lang='grc' dir='ltr'><strong>ἐγὼ</strong></span> <span class='ocrx_word' id='word_1_18' title='bbox 939 613 1171 695; x_wconf 77' lang='grc' dir='ltr'><strong>φερέγγυος,</strong></span> <span class='ocrx_word' id='word_1_19' title='bbox 1208 611 1305 677; x_wconf 88' lang='lat' dir='ltr'><strong>schol.</strong></span> <span class='ocrx_word' id='word_1_20' title='bbox 1339 631 1374 693; x_wconf 83' lang='grc' dir='ltr'><strong>φ.</strong></span> <span class='ocrx_word' id='word_1_21' title='bbox 1400 606 1575 691; x_wconf 81' lang='grc' dir='ltr'><strong>λέγεταιὸ</strong></span> 
     </span>
     <span class='ocr_line' id='line_1_4' title="bbox 287 714 1576 805; baseline -0.004 -17"><span class='ocrx_word' id='word_1_22' title='bbox 287 720 547 805; x_wconf 77' lang='grc' dir='ltr'><strong>ἀναδεξάμενος</strong></span> <span class='ocrx_word' id='word_1_23' title='bbox 569 738 602 786; x_wconf 94' lang='grc' dir='ltr'><strong>τι</strong></span> <span class='ocrx_word' id='word_1_24' title='bbox 623 719 680 785; x_wconf 86' lang='grc' dir='ltr'><strong>καὶ</strong></span> <span class='ocrx_word' id='word_1_25' title='bbox 703 716 895 801; x_wconf 78' lang='grc' dir='ltr'><strong>ὀνινάμενος</strong></span> <span class='ocrx_word' id='word_1_26' title='bbox 911 717 1074 784; x_wconf 76' lang='grc' dir='ltr'><strong><em>ἀποτῖσαι</em></strong></span> <span class='ocrx_word' id='word_1_27' title='bbox 1090 717 1165 784; x_wconf 79' lang='grc' dir='ltr'><strong><em>οἷον</em></strong></span> <span class='ocrx_word' id='word_1_28' title='bbox 1182 716 1365 802; x_wconf 81' lang='grc' dir='ltr'><em>ἀξιόχρεως</em></span> <span class='ocrx_word' id='word_1_29' title='bbox 1379 714 1450 783; x_wconf 81' lang='grc' dir='ltr'><strong><em>κτλ.</em></strong></span> <span class='ocrx_word' id='word_1_30' title='bbox 1477 718 1576 802; x_wconf 85' lang='lat' dir='ltr'><strong>„qnid</strong></span> 
     </span>
     <span class='ocr_line' id='line_1_5' title="bbox 296 827 933 912; baseline -0.008 -15"><span class='ocrx_word' id='word_1_31' title='bbox 296 827 381 897; x_wconf 85' lang='lat' dir='ltr'><strong>enim</strong></span> <span class='ocrx_word' id='word_1_32' title='bbox 406 830 507 912; x_wconf 89' lang='lat' dir='ltr'><strong>iubes,</strong></span> <span class='ocrx_word' id='word_1_33' title='bbox 532 827 617 912; x_wconf 88' lang='lat' dir='ltr'><strong>quod</strong></span> <span class='ocrx_word' id='word_1_34' title='bbox 641 845 702 909; x_wconf 84' lang='lat' dir='ltr'><strong>ego</strong></span> <span class='ocrx_word' id='word_1_35' title='bbox 725 827 933 909; x_wconf 81' lang='lat' dir='ltr'><strong>praestem?“</strong></span> 
     </span>
    </p>

    <p class='ocr_par' dir='ltr' id='par_1_4' title="bbox 227 933 1581 2528">
     <span class='ocr_line' id='line_1_6' title="bbox 402 933 1575 1016; baseline -0.004 -12"><span class='ocrx_word' id='word_1_36' title='bbox 402 938 524 1004; x_wconf 81' lang='lat' dir='ltr'><strong>Eodem</strong></span> <span class='ocrx_word' id='word_1_37' title='bbox 570 936 758 1002; x_wconf 90' lang='lat' dir='ltr'><strong>condicione</strong></span> <span class='ocrx_word' id='word_1_38' title='bbox 796 934 982 1001; x_wconf 88' lang='lat' dir='ltr'><strong>Herodotus</strong></span> <span class='ocrx_word' id='word_1_39' title='bbox 1024 935 1142 1016; x_wconf 89' lang='lat' dir='ltr'><strong>utitur,</strong></span> <span class='ocrx_word' id='word_1_40' title='bbox 1188 953 1258 1000; x_wconf 92' lang='lat' dir='ltr'><strong>cum</strong></span> <span class='ocrx_word' id='word_1_41' title='bbox 1298 933 1385 1000; x_wconf 88' lang='lat' dir='ltr'><strong>dicet</strong></span> <span class='ocrx_word' id='word_1_42' title='bbox 1422 933 1492 1000; x_wconf 89' lang='lat' dir='ltr'>VII.</span> <span class='ocrx_word' id='word_1_43' title='bbox 1533 936 1575 999; x_wconf 78' lang='lat'><strong>49</strong></span> 
     </span>
     <span class='ocr_line' id='line_1_7' title="bbox 296 1039 1578 1129; baseline -0.002 -20"><span class='ocrx_word' id='word_1_44' title='bbox 296 1042 427 1129; x_wconf 82' lang='grc' dir='ltr'><strong>(λιμήν)</strong></span> <span class='ocrx_word' id='word_1_45' title='bbox 453 1042 638 1127; x_wconf 77' lang='grc' dir='ltr'><em>δεξάμενός</em></span> <span class='ocrx_word' id='word_1_46' title='bbox 661 1063 720 1108; x_wconf 84' lang='grc' dir='ltr'><strong>σεο</strong></span> <span class='ocrx_word' id='word_1_47' title='bbox 743 1044 847 1108; x_wconf 82' lang='grc' dir='ltr'><strong><em>τοῦτο</em></strong></span> <span class='ocrx_word' id='word_1_48' title='bbox 878 1041 917 1107; x_wconf 88' lang='grc' dir='ltr'><strong>τὸ</strong></span> <span class='ocrx_word' id='word_1_49' title='bbox 940 1039 1103 1107; x_wconf 84' lang='grc' dir='ltr'><strong><em>ναυτικὸν</em></strong></span> <span class='ocrx_word' id='word_1_50' title='bbox 1128 1043 1354 1125; x_wconf 84' lang='grc' dir='ltr'><em>φερέγγυος</em></span> <span class='ocrx_word' id='word_1_51' title='bbox 1388 1040 1483 1107; x_wconf 81' lang='grc' dir='ltr'><strong><em>ἔσται</em></strong></span> <span class='ocrx_word' id='word_1_52' title='bbox 1507 1039 1578 1107; x_wconf 84' lang='lat' dir='ltr'><strong>‹lca-</strong></span> 
     </span>
     <span class='ocr_line' id='line_1_8' title="bbox 303 1150 1578 1234; baseline -0.002 -15"><span class='ocrx_word' id='word_1_53' title='bbox 303 1156 411 1219; x_wconf 86' lang='grc' dir='ltr'><strong><em>σῶσαι</em></strong></span> <span class='ocrx_word' id='word_1_54' title='bbox 434 1150 497 1234; x_wconf 86' lang='grc' dir='ltr'><strong>τὰς</strong></span> <span class='ocrx_word' id='word_1_55' title='bbox 519 1152 600 1233; x_wconf 83' lang='grc' dir='ltr'><strong><em>νέας</em></strong></span> <span class='ocrx_word' id='word_1_56' title='bbox 625 1155 760 1234; x_wconf 84' lang='lat' dir='ltr'><strong>„portus</strong></span> <span class='ocrx_word' id='word_1_57' title='bbox 778 1201 785 1216; x_wconf 93' lang='lat'><strong>.</strong></span> <span class='ocrx_word' id='word_1_58' title='bbox 803 1199 811 1216; x_wconf 87' lang='lat'><strong>.</strong></span> <span class='ocrx_word' id='word_1_59' title='bbox 828 1150 1006 1216; x_wconf 85' lang='lat' dir='ltr'><strong>incolumes</strong></span> <span class='ocrx_word' id='word_1_60' title='bbox 1029 1169 1128 1217; x_wconf 84' lang='lat' dir='ltr'><strong>nones</strong></span> <span class='ocrx_word' id='word_1_61' title='bbox 1145 1150 1205 1216; x_wconf 92' lang='lat' dir='ltr'><strong>tibi</strong></span> <span class='ocrx_word' id='word_1_62' title='bbox 1222 1150 1437 1233; x_wconf 82' lang='lat' dir='ltr'><strong>praestabit.“</strong></span> <span class='ocrx_word' id='word_1_63' title='bbox 1486 1151 1578 1216; x_wconf 83' lang='lat' dir='ltr'>Alter</span> 
     </span>
     <span class='ocr_line' id='line_1_9' title="bbox 295 1255 1578 1341; baseline -0.002 -16"><span class='ocrx_word' id='word_1_64' title='bbox 295 1260 386 1327; x_wconf 87' lang='lat' dir='ltr'><strong>locus</strong></span> <span class='ocrx_word' id='word_1_65' title='bbox 425 1265 476 1326; x_wconf 89' lang='lat' dir='ltr'><strong>est</strong></span> <span class='ocrx_word' id='word_1_66' title='bbox 511 1260 549 1326; x_wconf 91' lang='lat' dir='ltr'><strong>V.</strong></span> <span class='ocrx_word' id='word_1_67' title='bbox 575 1260 617 1324; x_wconf 83' lang='lat'><strong>30</strong></span> <span class='ocrx_word' id='word_1_68' title='bbox 654 1256 759 1340; x_wconf 80' lang='grc' dir='ltr'><strong><em>αὐτὸς</em></strong></span> <span class='ocrx_word' id='word_1_69' title='bbox 792 1257 856 1341; x_wconf 85' lang='grc' dir='ltr'><strong>μὲν</strong></span> <span class='ocrx_word' id='word_1_70' title='bbox 891 1257 973 1341; x_wconf 82' lang='grc' dir='ltr'><strong><em>ὑμῖν</em></strong></span> <span class='ocrx_word' id='word_1_71' title='bbox 1008 1257 1049 1323; x_wconf 81' lang='grc' dir='ltr'><strong>οὐ</strong></span> <span class='ocrx_word' id='word_1_72' title='bbox 1081 1257 1309 1341; x_wconf 76' lang='grc' dir='ltr'><em>φερέγγυός</em></span> <span class='ocrx_word' id='word_1_73' title='bbox 1343 1258 1410 1340; x_wconf 79' lang='grc' dir='ltr'><em>εἰμι</em></span> <span class='ocrx_word' id='word_1_74' title='bbox 1433 1255 1578 1340; x_wconf 80' lang='grc' dir='ltr'><strong><em>δύναμιν</em></strong></span> 
     </span>
     <span class='ocr_line' id='line_1_10' title="bbox 297 1363 1578 1451; baseline -0.002 -18"><span class='ocrx_word' id='word_1_75' title='bbox 297 1372 488 1451; x_wconf 78' lang='grc' dir='ltr'><em>παρασχεῖν</em></span> <span class='ocrx_word' id='word_1_76' title='bbox 516 1366 697 1448; x_wconf 78' lang='grc' dir='ltr'><strong><em>τοσαύτην,</em></strong></span> <span class='ocrx_word' id='word_1_77' title='bbox 735 1363 824 1430; x_wconf 85' lang='grc' dir='ltr'><strong>ὥστε</strong></span> <span class='ocrx_word' id='word_1_78' title='bbox 840 1419 847 1432; x_wconf 95' lang='grc'><strong><em>.</em></strong></span> <span class='ocrx_word' id='word_1_79' title='bbox 865 1415 874 1431; x_wconf 89' lang='grc'><strong>.</strong></span> <span class='ocrx_word' id='word_1_80' title='bbox 892 1365 1126 1448; x_wconf 77' lang='lat' dir='ltr'><strong>..Aristagoras</strong></span> <span class='ocrx_word' id='word_1_81' title='bbox 1161 1365 1286 1432; x_wconf 89' lang='lat' dir='ltr'><strong>scilicet</strong></span> <span class='ocrx_word' id='word_1_82' title='bbox 1310 1364 1422 1430; x_wconf 82' lang='lat' dir='ltr'><strong>Naxiis</strong></span> <span class='ocrx_word' id='word_1_83' title='bbox 1456 1384 1578 1431; x_wconf 90' lang='lat' dir='ltr'><strong>morem</strong></span> 
     </span>
     <span class='ocr_line' id='line_1_11' title="bbox 287 1472 1578 1557; baseline -0.001 -16"><span class='ocrx_word' id='word_1_84' title='bbox 287 1495 360 1541; x_wconf 91' lang='lat' dir='ltr'><strong>non</strong></span> <span class='ocrx_word' id='word_1_85' title='bbox 390 1476 486 1557; x_wconf 85' lang='lat' dir='ltr'><strong>gerit,</strong></span> <span class='ocrx_word' id='word_1_86' title='bbox 513 1480 550 1540; x_wconf 87' lang='lat' dir='ltr'><strong>nt</strong></span> <span class='ocrx_word' id='word_1_87' title='bbox 575 1475 621 1540; x_wconf 89' lang='lat' dir='ltr'><strong>eis</strong></span> <span class='ocrx_word' id='word_1_88' title='bbox 646 1473 767 1540; x_wconf 79' lang='lat' dir='ltr'><strong>anxilio</strong></span> <span class='ocrx_word' id='word_1_89' title='bbox 789 1475 910 1556; x_wconf 81' lang='lat' dir='ltr'><strong>ueniet,</strong></span> <span class='ocrx_word' id='word_1_90' title='bbox 946 1491 981 1539; x_wconf 93' lang='lat' dir='ltr'><strong>se</strong></span> <span class='ocrx_word' id='word_1_91' title='bbox 1012 1473 1117 1555; x_wconf 91' lang='lat' dir='ltr'><strong>ipsum</strong></span> <span class='ocrx_word' id='word_1_92' title='bbox 1141 1472 1289 1555; x_wconf 83' lang='lat' dir='ltr'><strong>polliceri</strong></span> <span class='ocrx_word' id='word_1_93' title='bbox 1323 1491 1388 1539; x_wconf 91' lang='lat' dir='ltr'><strong>non</strong></span> <span class='ocrx_word' id='word_1_94' title='bbox 1411 1491 1508 1556; x_wconf 91' lang='lat' dir='ltr'><strong>posse</strong></span> <span class='ocrx_word' id='word_1_95' title='bbox 1531 1473 1578 1540; x_wconf 91' lang='lat' dir='ltr'><strong>eis</strong></span> 
     </span>
     <span class='ocr_line' id='line_1_12' title="bbox 295 1578 1580 1666; baseline -0.002 -17"><span class='ocrx_word' id='word_1_96' title='bbox 295 1588 405 1650; x_wconf 84' lang='lat' dir='ltr'><strong>tentas</strong></span> <span class='ocrx_word' id='word_1_97' title='bbox 440 1582 550 1666; x_wconf 85' lang='lat' dir='ltr'><strong>copias</strong></span> <span class='ocrx_word' id='word_1_98' title='bbox 584 1583 726 1664; x_wconf 88' lang='lat' dir='ltr'><strong>mittere,</strong></span> <span class='ocrx_word' id='word_1_99' title='bbox 764 1581 894 1665; x_wconf 83' lang='lat' dir='ltr'><strong>quentis</strong></span> <span class='ocrx_word' id='word_1_100' title='bbox 929 1599 1011 1662; x_wconf 91' lang='lat' dir='ltr'><strong>opus</strong></span> <span class='ocrx_word' id='word_1_101' title='bbox 1043 1581 1087 1647; x_wconf 89' lang='lat' dir='ltr'><strong>sit</strong></span> <span class='ocrx_word' id='word_1_102' title='bbox 1110 1581 1152 1646; x_wconf 88' lang='lat' dir='ltr'><strong>ed</strong></span> <span class='ocrx_word' id='word_1_103' title='bbox 1175 1578 1383 1664; x_wconf 83' lang='lat' dir='ltr'><strong>perficienda,</strong></span> <span class='ocrx_word' id='word_1_104' title='bbox 1420 1600 1503 1664; x_wconf 85' lang='lat' dir='ltr'><strong>quae</strong></span> <span class='ocrx_word' id='word_1_105' title='bbox 1526 1601 1580 1647; x_wconf 93' lang='lat' dir='ltr'><strong>cu·</strong></span> 
     </span>
     <span class='ocr_line' id='line_1_13' title="bbox 295 1689 1581 1775; baseline 0 -19"><span class='ocrx_word' id='word_1_106' title='bbox 295 1691 399 1775; x_wconf 86' lang='lat' dir='ltr'><strong>piant,</strong></span> <span class='ocrx_word' id='word_1_107' title='bbox 435 1691 546 1774; x_wconf 89' lang='lat' dir='ltr'><strong>„illius</strong></span> <span class='ocrx_word' id='word_1_108' title='bbox 581 1691 629 1756; x_wconf 87' lang='lat' dir='ltr'><strong>rei</strong></span> <span class='ocrx_word' id='word_1_109' title='bbox 664 1707 699 1755; x_wconf 87' lang='lat' dir='ltr'><strong>se</strong></span> <span class='ocrx_word' id='word_1_110' title='bbox 729 1690 927 1771; x_wconf 78' lang='lat' dir='ltr'><strong>praedem</strong></span> <span class='ocrx_word' id='word_1_111' title='bbox 961 1707 1033 1755; x_wconf 91' lang='lat' dir='ltr'><strong>esse</strong></span> <span class='ocrx_word' id='word_1_112' title='bbox 1070 1707 1134 1754; x_wconf 92' lang='lat' dir='ltr'><strong>non</strong></span> <span class='ocrx_word' id='word_1_113' title='bbox 1168 1691 1298 1772; x_wconf 89' lang='lat' dir='ltr'><strong>posse.“</strong></span> <span class='ocrx_word' id='word_1_114' title='bbox 1344 1689 1447 1756; x_wconf 82' lang='lat' dir='ltr'><strong>Paulo</strong></span> <span class='ocrx_word' id='word_1_115' title='bbox 1482 1691 1581 1758; x_wconf 78' lang='lat' dir='ltr'><strong>aliter</strong></span> 
     </span>
     <span class='ocr_line' id='line_1_14' title="bbox 295 1795 1580 1881; baseline 0.002 -18"><span class='ocrx_word' id='word_1_116' title='bbox 295 1799 395 1864; x_wconf 85' lang='lat' dir='ltr'><strong>uertit</strong></span> <span class='ocrx_word' id='word_1_117' title='bbox 428 1797 733 1881; x_wconf 74' lang='lat' dir='ltr'><strong>Schweighduserns</strong></span> <span class='ocrx_word' id='word_1_118' title='bbox 773 1795 968 1878; x_wconf 77' lang='lat' dir='ltr'><strong>„sufficiens</strong></span> <span class='ocrx_word' id='word_1_119' title='bbox 1009 1797 1145 1862; x_wconf 92' lang='lat' dir='ltr'><strong>idoneus</strong></span> <span class='ocrx_word' id='word_1_120' title='bbox 1185 1803 1219 1862; x_wconf 89' lang='lat' dir='ltr'><strong>et</strong></span> <span class='ocrx_word' id='word_1_121' title='bbox 1260 1797 1340 1864; x_wconf 86' lang='lat' dir='ltr'><strong>sotis</strong></span> <span class='ocrx_word' id='word_1_122' title='bbox 1375 1798 1502 1864; x_wconf 85' lang='lat' dir='ltr'><strong>uolidus</strong></span> <span class='ocrx_word' id='word_1_123' title='bbox 1538 1801 1580 1866; x_wconf 85' lang='lat' dir='ltr'><strong>od</strong></span> 
     </span>
     <span class='ocr_line' id='line_1_15' title="bbox 295 1905 1580 1990; baseline 0 -18"><span class='ocrx_word' id='word_1_124' title='bbox 295 1907 527 1989; x_wconf 78' lang='lat' dir='ltr'><strong>praestandum</strong></span> <span class='ocrx_word' id='word_1_125' title='bbox 550 1908 671 1990; x_wconf 87' lang='lat' dir='ltr'><strong>elqd.“,</strong></span> <span class='ocrx_word' id='word_1_126' title='bbox 707 1906 765 1972; x_wconf 88' lang='lat' dir='ltr'><strong>sed</strong></span> <span class='ocrx_word' id='word_1_127' title='bbox 787 1905 866 1971; x_wconf 88' lang='lat' dir='ltr'><strong>licet</strong></span> <span class='ocrx_word' id='word_1_128' title='bbox 896 1923 1026 1973; x_wconf 88' lang='lat' dir='ltr'><strong>sensum</strong></span> <span class='ocrx_word' id='word_1_129' title='bbox 1049 1905 1137 1974; x_wconf 84' lang='lat' dir='ltr'><strong>vocis</strong></span> <span class='ocrx_word' id='word_1_130' title='bbox 1168 1924 1268 1987; x_wconf 84' lang='lat' dir='ltr'><strong>supra</strong></span> <span class='ocrx_word' id='word_1_131' title='bbox 1291 1905 1497 1987; x_wconf 85' lang='lat' dir='ltr'><strong>explanatum</strong></span> <span class='ocrx_word' id='word_1_132' title='bbox 1519 1907 1580 1973; x_wconf 95' lang='lat' dir='ltr'><strong>hoc</strong></span> 
     </span>
     <span class='ocr_line' id='line_1_16' title="bbox 295 2013 1579 2097; baseline 0.001 -18"><span class='ocrx_word' id='word_1_133' title='bbox 295 2031 424 2097; x_wconf 85' lang='lat' dir='ltr'><strong>qnoque</strong></span> <span class='ocrx_word' id='word_1_134' title='bbox 448 2013 519 2080; x_wconf 88' lang='lat' dir='ltr'><strong>loco</strong></span> <span class='ocrx_word' id='word_1_135' title='bbox 544 2020 667 2080; x_wconf 91' lang='lat' dir='ltr'><strong>tenere.</strong></span> <span class='ocrx_word' id='word_1_136' title='bbox 714 2013 862 2096; x_wconf 88' lang='lat' dir='ltr'><strong>Denique</strong></span> <span class='ocrx_word' id='word_1_137' title='bbox 892 2013 1096 2096; x_wconf 83' lang='lat' dir='ltr'><strong>Thucydides</strong></span> <span class='ocrx_word' id='word_1_138' title='bbox 1129 2031 1239 2079; x_wconf 84' lang='lat' dir='ltr'><strong>uocem</strong></span> <span class='ocrx_word' id='word_1_139' title='bbox 1263 2013 1393 2079; x_wconf 82' lang='lat' dir='ltr'><strong>exhibet</strong></span> <span class='ocrx_word' id='word_1_140' title='bbox 1427 2014 1512 2080; x_wconf 86' lang='lat' dir='ltr'><strong>VIII.</strong></span> <span class='ocrx_word' id='word_1_141' title='bbox 1538 2016 1579 2080; x_wconf 89' lang='lat'><strong>68</strong></span> 
     </span>
     <span class='ocr_line' id='line_1_17' title="bbox 296 2118 1579 2208; baseline 0.001 -23"><span class='ocrx_word' id='word_1_142' title='bbox 296 2120 524 2208; x_wconf 82' lang='lat' dir='ltr'><strong>(Phrynichus)</strong></span> <span class='ocrx_word' id='word_1_143' title='bbox 548 2118 639 2186; x_wconf 81' lang='grc' dir='ltr'><strong><em>πολύ</em></strong></span> <span class='ocrx_word' id='word_1_144' title='bbox 663 2139 700 2186; x_wconf 88' lang='grc' dir='ltr'><strong>τε</strong></span> <span class='ocrx_word' id='word_1_145' title='bbox 728 2119 816 2203; x_wconf 90' lang='grc' dir='ltr'><strong>πρὸς</strong></span> <span class='ocrx_word' id='word_1_146' title='bbox 850 2118 894 2185; x_wconf 88' lang='grc' dir='ltr'><strong>τὰ</strong></span> <span class='ocrx_word' id='word_1_147' title='bbox 922 2118 1026 2202; x_wconf 77' lang='grc' dir='ltr'><em>δεινὰ,</em></span> <span class='ocrx_word' id='word_1_148' title='bbox 1051 2118 1233 2205; x_wconf 77' lang='grc' dir='ltr'><em>ἐπειδήπερ</em></span> <span class='ocrx_word' id='word_1_149' title='bbox 1269 2120 1410 2206; x_wconf 80' lang='grc' dir='ltr'><strong>ὑπέστη,</strong></span> <span class='ocrx_word' id='word_1_150' title='bbox 1447 2142 1579 2205; x_wconf 82' lang='grc' dir='ltr'><em>φερεγ-</em></span> 
     </span>
     <span class='ocr_line' id='line_1_18' title="bbox 227 2227 1579 2314; baseline 0.002 -22"><span class='ocrx_word' id='word_1_151' title='bbox 227 2261 228 2266; x_wconf 62' lang='lat'><em>=</em></span> <span class='ocrx_word' id='word_1_152' title='bbox 295 2228 513 2311; x_wconf 87' lang='grc' dir='ltr'><strong><em>γυώτατος</em></strong></span> <span class='ocrx_word' id='word_1_153' title='bbox 537 2228 659 2313; x_wconf 78' lang='grc' dir='ltr'><strong><em>ἐφάνη,</em></strong></span> <span class='ocrx_word' id='word_1_154' title='bbox 685 2229 784 2295; x_wconf 89' lang='lat' dir='ltr'><strong>schol.</strong></span> <span class='ocrx_word' id='word_1_155' title='bbox 809 2227 1031 2312; x_wconf 64' lang='lat' dir='ltr'><strong>inueniretur,</strong></span> <span class='ocrx_word' id='word_1_156' title='bbox 1065 2229 1126 2295; x_wconf 91' lang='lat' dir='ltr'><strong>hoc</strong></span> <span class='ocrx_word' id='word_1_157' title='bbox 1154 2233 1205 2296; x_wconf 88' lang='lat' dir='ltr'><strong>est</strong></span> <span class='ocrx_word' id='word_1_158' title='bbox 1232 2230 1465 2314; x_wconf 71' lang='lat' dir='ltr'><strong>„Phrynichus</strong></span> <span class='ocrx_word' id='word_1_159' title='bbox 1501 2248 1579 2313; x_wconf 88' lang='lat' dir='ltr'><strong>quo·</strong></span> 
     </span>
     <span class='ocr_line' id='line_1_19' title="bbox 296 2336 1581 2419; baseline 0.002 -19"><span class='ocrx_word' id='word_1_160' title='bbox 296 2336 381 2402; x_wconf 85' lang='lat' dir='ltr'><strong>nium</strong></span> <span class='ocrx_word' id='word_1_161' title='bbox 405 2336 581 2419; x_wconf 81' lang='lat' dir='ltr'><strong>oligerchis</strong></span> <span class='ocrx_word' id='word_1_162' title='bbox 617 2337 693 2403; x_wconf 87' lang='lat' dir='ltr'><strong>enni</strong></span> <span class='ocrx_word' id='word_1_163' title='bbox 717 2338 781 2402; x_wconf 84' lang='grc'><strong>411</strong></span> <span class='ocrx_word' id='word_1_164' title='bbox 819 2355 855 2402; x_wconf 88' lang='lat' dir='ltr'><strong>se</strong></span> <span class='ocrx_word' id='word_1_165' title='bbox 884 2336 1070 2419; x_wconf 78' lang='lat' dir='ltr'><strong>applicarit,</strong></span> <span class='ocrx_word' id='word_1_166' title='bbox 1105 2337 1244 2404; x_wconf 84' lang='lat' dir='ltr'><strong>maxime</strong></span> <span class='ocrx_word' id='word_1_167' title='bbox 1278 2338 1438 2406; x_wconf 80' lang='lat' dir='ltr'><strong>atrocium</strong></span> <span class='ocrx_word' id='word_1_168' title='bbox 1473 2356 1581 2403; x_wconf 89' lang='lat' dir='ltr'><strong>rernm</strong></span> 
     </span>
     <span class='ocr_line' id='line_1_20' title="bbox 296 2445 711 2528; baseline 0.005 -20"><span class='ocrx_word' id='word_1_169' title='bbox 296 2463 393 2528; x_wconf 87' lang='lat' dir='ltr'><strong>praes</strong></span> <span class='ocrx_word' id='word_1_170' title='bbox 418 2462 490 2510; x_wconf 88' lang='lat' dir='ltr'><strong>esse</strong></span> <span class='ocrx_word' id='word_1_171' title='bbox 514 2445 603 2512; x_wconf 86' lang='lat' dir='ltr'><strong>visus</strong></span> <span class='ocrx_word' id='word_1_172' title='bbox 628 2446 711 2512; x_wconf 88' lang='lat' dir='ltr'><strong>est.“</strong></span> 
     </span>
    </p>

    <p class='ocr_par' dir='ltr' id='par_1_5' title="bbox 249 2552 1583 3808">
     <span class='ocr_line' id='line_1_21' title="bbox 404 2552 1582 2639; baseline 0.003 -22"><span class='ocrx_word' id='word_1_173' title='bbox 404 2552 527 2619; x_wconf 82' lang='lat' dir='ltr'><strong>Eodem</strong></span> <span class='ocrx_word' id='word_1_174' title='bbox 551 2573 612 2620; x_wconf 85' lang='lat' dir='ltr'><strong>nox</strong></span> <span class='ocrx_word' id='word_1_175' title='bbox 635 2571 770 2620; x_wconf 88' lang='lat' dir='ltr'><strong>munere</strong></span> <span class='ocrx_word' id='word_1_176' title='bbox 786 2553 926 2619; x_wconf 92' lang='lat' dir='ltr'><strong>nominis</strong></span> <span class='ocrx_word' id='word_1_177' title='bbox 941 2553 1066 2636; x_wconf 91' lang='lat' dir='ltr'><strong>proprii</strong></span> <span class='ocrx_word' id='word_1_178' title='bbox 1090 2552 1236 2638; x_wconf 83' lang='lat' dir='ltr'><strong>iungitur</strong></span> <span class='ocrx_word' id='word_1_179' title='bbox 1252 2554 1337 2637; x_wconf 83' lang='lat' dir='ltr'><strong>apud</strong></span> <span class='ocrx_word' id='word_1_180' title='bbox 1355 2553 1582 2639; x_wconf 82' lang='lat' dir='ltr'><strong>Oyreuoeos</strong></span> 
     </span>
     <span class='ocr_line' id='line_1_22' title="bbox 295 2660 1581 2752; baseline 0 -24"><span class='ocrx_word' id='word_1_181' title='bbox 295 2664 327 2728; x_wconf 93' lang='lat' dir='ltr'><strong>in</strong></span> <span class='ocrx_word' id='word_1_182' title='bbox 353 2662 448 2727; x_wconf 88' lang='lat' dir='ltr'><strong>titulo</strong></span> <span class='ocrx_word' id='word_1_183' title='bbox 485 2662 575 2728; x_wconf 89' lang='lat' dir='ltr'><strong>tertii</strong></span> <span class='ocrx_word' id='word_1_184' title='bbox 609 2661 679 2728; x_wconf 91' lang='lat' dir='ltr'><strong>iere</strong></span> <span class='ocrx_word' id='word_1_185' title='bbox 710 2663 832 2729; x_wconf 82' lang='lat' dir='ltr'><strong>soeculi</strong></span> <span class='ocrx_word' id='word_1_186' title='bbox 857 2661 946 2728; x_wconf 80' lang='lat' dir='ltr'><strong>o-B.</strong></span> <span class='ocrx_word' id='word_1_187' title='bbox 971 2660 1028 2727; x_wconf 93' lang='grc' dir='ltr'><strong>ΠΙ.</strong></span> <span class='ocrx_word' id='word_1_188' title='bbox 1054 2664 1084 2743; x_wconf 82' lang='grc'><strong>2,</strong></span> <span class='ocrx_word' id='word_1_189' title='bbox 1109 2663 1208 2728; x_wconf 82' lang='grc'><strong>4835.</strong></span> <span class='ocrx_word' id='word_1_190' title='bbox 1227 2664 1267 2728; x_wconf 90' lang='grc'><strong>19</strong></span> <span class='ocrx_word' id='word_1_191' title='bbox 1308 2661 1581 2752; x_wconf 81' lang='grc' dir='ltr'><em>&lt;Φ&gt;ερεγγύο[ο].</em></span> 
     </span>
     <span class='ocr_line' id='line_1_23' title="bbox 295 2769 1582 2855; baseline 0.002 -21"><span class='ocrx_word' id='word_1_192' title='bbox 295 2769 332 2834; x_wconf 92' lang='lat' dir='ltr'><strong>Id</strong></span> <span class='ocrx_word' id='word_1_193' title='bbox 356 2769 420 2835; x_wconf 87' lang='lat' dir='ltr'><strong>iem</strong></span> <span class='ocrx_word' id='word_1_194' title='bbox 444 2769 525 2834; x_wconf 83' lang='lat' dir='ltr'><strong>setis</strong></span> <span class='ocrx_word' id='word_1_195' title='bbox 549 2770 667 2851; x_wconf 88' lang='lat' dir='ltr'><strong>probet</strong></span> <span class='ocrx_word' id='word_1_196' title='bbox 682 2788 793 2836; x_wconf 84' lang='lat' dir='ltr'><strong>vocem</strong></span> <span class='ocrx_word' id='word_1_197' title='bbox 810 2769 907 2836; x_wconf 83' lang='lat' dir='ltr'><strong>etiam</strong></span> <span class='ocrx_word' id='word_1_198' title='bbox 934 2774 1025 2835; x_wconf 84' lang='lat' dir='ltr'><strong>extre</strong></span> <span class='ocrx_word' id='word_1_199' title='bbox 1043 2770 1153 2835; x_wconf 82' lang='lat' dir='ltr'><strong>Asiam</strong></span> <span class='ocrx_word' id='word_1_200' title='bbox 1168 2770 1326 2837; x_wconf 88' lang='lat' dir='ltr'><strong>minorem</strong></span> <span class='ocrx_word' id='word_1_201' title='bbox 1342 2776 1453 2838; x_wconf 86' lang='lat' dir='ltr'><strong>notam</strong></span> <span class='ocrx_word' id='word_1_202' title='bbox 1469 2769 1582 2855; x_wconf 86' lang='lat' dir='ltr'><strong>luisse,</strong></span> 
     </span>
     <span class='ocr_line' id='line_1_24' title="bbox 295 2876 1580 2961; baseline 0.001 -18"><span class='ocrx_word' id='word_1_203' title='bbox 295 2876 348 2943; x_wconf 83' lang='lat' dir='ltr'><strong>uel</strong></span> <span class='ocrx_word' id='word_1_204' title='bbox 371 2877 405 2942; x_wconf 95' lang='lat' dir='ltr'><strong>in</strong></span> <span class='ocrx_word' id='word_1_205' title='bbox 430 2876 548 2943; x_wconf 85' lang='lat' dir='ltr'><strong>Dorice</strong></span> <span class='ocrx_word' id='word_1_206' title='bbox 581 2876 672 2943; x_wconf 89' lang='lat' dir='ltr'><strong>urbe.</strong></span> <span class='ocrx_word' id='word_1_207' title='bbox 719 2878 853 2944; x_wconf 87' lang='lat' dir='ltr'><strong>Accedit</strong></span> <span class='ocrx_word' id='word_1_208' title='bbox 876 2895 964 2959; x_wconf 83' lang='lat' dir='ltr'><strong>vero,</strong></span> <span class='ocrx_word' id='word_1_209' title='bbox 989 2881 1113 2943; x_wconf 89' lang='lat' dir='ltr'><strong>utnon</strong></span> <span class='ocrx_word' id='word_1_210' title='bbox 1137 2878 1241 2943; x_wconf 91' lang='lat' dir='ltr'><strong>solum</strong></span> <span class='ocrx_word' id='word_1_211' title='bbox 1264 2876 1366 2943; x_wconf 90' lang='lat' dir='ltr'><strong>Attici</strong></span> <span class='ocrx_word' id='word_1_212' title='bbox 1391 2878 1580 2961; x_wconf 85' lang='lat' dir='ltr'><strong>scriptores,</strong></span> 
     </span>
     <span class='ocr_line' id='line_1_25' title="bbox 295 2983 1583 3068; baseline 0 -18"><span class='ocrx_word' id='word_1_213' title='bbox 295 2984 367 3050; x_wconf 91' lang='lat' dir='ltr'><strong>dico</strong></span> <span class='ocrx_word' id='word_1_214' title='bbox 392 2983 585 3067; x_wconf 87' lang='lat' dir='ltr'><strong>Aeschylum</strong></span> <span class='ocrx_word' id='word_1_215' title='bbox 610 2988 644 3050; x_wconf 88' lang='lat' dir='ltr'><strong>et</strong></span> <span class='ocrx_word' id='word_1_216' title='bbox 668 2984 896 3067; x_wconf 82' lang='lat' dir='ltr'><strong>Thucydidem,</strong></span> <span class='ocrx_word' id='word_1_217' title='bbox 921 3002 999 3050; x_wconf 88' lang='lat' dir='ltr'><strong>uoce</strong></span> <span class='ocrx_word' id='word_1_218' title='bbox 1023 2986 1136 3052; x_wconf 85' lang='lat' dir='ltr'><strong>eedem</strong></span> <span class='ocrx_word' id='word_1_219' title='bbox 1160 2991 1259 3068; x_wconf 87' lang='lat' dir='ltr'><strong>etque</strong></span> <span class='ocrx_word' id='word_1_220' title='bbox 1279 2985 1469 3052; x_wconf 87' lang='lat' dir='ltr'><strong>Herodotus</strong></span> <span class='ocrx_word' id='word_1_221' title='bbox 1485 2986 1583 3052; x_wconf 91' lang='lat' dir='ltr'><strong>liber·</strong></span> 
     </span>
     <span class='ocr_line' id='line_1_26' title="bbox 295 3091 1582 3175; baseline 0.002 -18"><span class='ocrx_word' id='word_1_222' title='bbox 295 3097 365 3157; x_wconf 89' lang='lat' dir='ltr'><strong>tete</strong></span> <span class='ocrx_word' id='word_1_223' title='bbox 389 3096 533 3171; x_wconf 83' lang='lat' dir='ltr'><strong>utentur,</strong></span> <span class='ocrx_word' id='word_1_224' title='bbox 570 3092 628 3158; x_wconf 90' lang='lat' dir='ltr'><strong>sed</strong></span> <span class='ocrx_word' id='word_1_225' title='bbox 652 3092 751 3157; x_wconf 84' lang='lat' dir='ltr'><strong>etiem</strong></span> <span class='ocrx_word' id='word_1_226' title='bbox 773 3091 925 3157; x_wconf 87' lang='lat' dir='ltr'><strong>formatio</strong></span> <span class='ocrx_word' id='word_1_227' title='bbox 960 3093 1043 3158; x_wconf 85' lang='lat' dir='ltr'><strong>odeo</strong></span> <span class='ocrx_word' id='word_1_228' title='bbox 1071 3098 1203 3159; x_wconf 85' lang='lat' dir='ltr'><strong>vetuste</strong></span> <span class='ocrx_word' id='word_1_229' title='bbox 1226 3098 1260 3161; x_wconf 92' lang='lat' dir='ltr'><strong>et</strong></span> <span class='ocrx_word' id='word_1_230' title='bbox 1283 3092 1432 3159; x_wconf 83' lang='lat' dir='ltr'><strong>obsoleto</strong></span> <span class='ocrx_word' id='word_1_231' title='bbox 1455 3094 1508 3175; x_wconf 87' lang='lat' dir='ltr'><strong>sit,</strong></span> <span class='ocrx_word' id='word_1_232' title='bbox 1544 3100 1582 3160; x_wconf 93' lang='lat' dir='ltr'><strong>ut</strong></span> 
     </span>
     <span class='ocr_line' id='line_1_27' title="bbox 297 3198 1582 3267; baseline 0 -2"><span class='ocrx_word' id='word_1_233' title='bbox 297 3219 368 3265; x_wconf 84' lang='lat' dir='ltr'><strong>eom</strong></span> <span class='ocrx_word' id='word_1_234' title='bbox 390 3199 452 3265; x_wconf 82' lang='lat' dir='ltr'><strong>hec</strong></span> <span class='ocrx_word' id='word_1_235' title='bbox 475 3200 545 3265; x_wconf 85' lang='lat' dir='ltr'><strong>sola</strong></span> <span class='ocrx_word' id='word_1_236' title='bbox 569 3218 666 3265; x_wconf 84' lang='lat' dir='ltr'><strong>cause</strong></span> <span class='ocrx_word' id='word_1_237' title='bbox 683 3198 815 3265; x_wconf 76' lang='lat' dir='ltr'><strong>adducti</strong></span> <span class='ocrx_word' id='word_1_238' title='bbox 839 3200 941 3265; x_wconf 85' lang='lat' dir='ltr'><strong>eetoti</strong></span> <span class='ocrx_word' id='word_1_239' title='bbox 957 3199 1218 3267; x_wconf 86' lang='lat' dir='ltr'><strong>antehomericee</strong></span> <span class='ocrx_word' id='word_1_240' title='bbox 1241 3200 1467 3267; x_wconf 78' lang='lat' dir='ltr'><strong>attribuemus.</strong></span> <span class='ocrx_word' id='word_1_241' title='bbox 1500 3199 1582 3266; x_wconf 81' lang='lat' dir='ltr'><strong>Nam</strong></span> 
     </span>
     <span class='ocr_line' id='line_1_28' title="bbox 297 3304 1582 3390; baseline -0.002 -15"><span class='ocrx_word' id='word_1_242' title='bbox 297 3325 418 3389; x_wconf 89' lang='lat' dir='ltr'><strong>omnes,</strong></span> <span class='ocrx_word' id='word_1_243' title='bbox 454 3325 536 3390; x_wconf 86' lang='lat' dir='ltr'><strong>quoe</strong></span> <span class='ocrx_word' id='word_1_244' title='bbox 561 3307 674 3372; x_wconf 86' lang='lat' dir='ltr'><strong>eadem</strong></span> <span class='ocrx_word' id='word_1_245' title='bbox 698 3307 826 3372; x_wconf 86' lang='lat' dir='ltr'><strong>ratione</strong></span> <span class='ocrx_word' id='word_1_246' title='bbox 857 3304 1016 3372; x_wconf 84' lang='lat' dir='ltr'><strong>formatae</strong></span> <span class='ocrx_word' id='word_1_247' title='bbox 1045 3311 1121 3373; x_wconf 90' lang='lat' dir='ltr'><strong>snut</strong></span> <span class='ocrx_word' id='word_1_248' title='bbox 1144 3327 1238 3375; x_wconf 88' lang='lat' dir='ltr'><strong>voces</strong></span> <span class='ocrx_word' id='word_1_249' title='bbox 1261 3308 1411 3375; x_wconf 89' lang='lat' dir='ltr'><strong>ineuntes</strong></span> <span class='ocrx_word' id='word_1_250' title='bbox 1434 3326 1454 3373; x_wconf 86' lang='lat' dir='ltr'><strong>e</strong></span> <span class='ocrx_word' id='word_1_251' title='bbox 1478 3307 1582 3389; x_wconf 86' lang='lat' dir='ltr'><strong>stirpe</strong></span> 
     </span>
     <span class='ocr_line' id='line_1_29' title="bbox 298 3413 1583 3500; baseline -0.003 -16"><span class='ocrx_word' id='word_1_252' title='bbox 298 3416 424 3484; x_wconf 81' lang='lat' dir='ltr'><strong>verbuli</strong></span> <span class='ocrx_word' id='word_1_253' title='bbox 461 3414 533 3496; x_wconf 79' lang='grc' dir='ltr'><em>ἄγε·</em></span> <span class='ocrx_word' id='word_1_254' title='bbox 564 3414 658 3499; x_wconf 83' lang='grc' dir='ltr'><em>ἄρχε·</em></span> <span class='ocrx_word' id='word_1_255' title='bbox 688 3413 778 3481; x_wconf 70' lang='grc' dir='ltr'><em>ἕλκε·</em></span> <span class='ocrx_word' id='word_1_256' title='bbox 813 3414 881 3500; x_wconf 85' lang='grc' dir='ltr'><em>ε’χε-</em></span> <span class='ocrx_word' id='word_1_257' title='bbox 911 3413 1001 3497; x_wconf 82' lang='grc' dir='ltr'><em>λεχε-</em></span> <span class='ocrx_word' id='word_1_258' title='bbox 1035 3437 1130 3499; x_wconf 82' lang='grc' dir='ltr'><em>μενε-</em></span> <span class='ocrx_word' id='word_1_259' title='bbox 1167 3434 1306 3499; x_wconf 61' lang='lat' dir='ltr'><strong>depecte-</strong></span> <span class='ocrx_word' id='word_1_260' title='bbox 1344 3437 1440 3500; x_wconf 77' lang='grc' dir='ltr'><em>φερε·</em></span> <span class='ocrx_word' id='word_1_261' title='bbox 1448 3416 1475 3499; x_wconf 86' lang='grc'><strong>1)</strong></span> <span class='ocrx_word' id='word_1_262' title='bbox 1508 3435 1583 3499; x_wconf 90' lang='lat' dir='ltr'><strong>per·</strong></span> 
     </span>
     <span class='ocr_line' id='line_1_30' title="bbox 300 3524 1581 3607; baseline -0.002 -16"><span class='ocrx_word' id='word_1_263' title='bbox 300 3530 450 3592; x_wconf 80' lang='lat' dir='ltr'><strong>vetustae</strong></span> <span class='ocrx_word' id='word_1_264' title='bbox 486 3529 520 3591; x_wconf 90' lang='lat' dir='ltr'><strong>et</strong></span> <span class='ocrx_word' id='word_1_265' title='bbox 553 3544 594 3592; x_wconf 91' lang='lat' dir='ltr'><strong>ne</strong></span> <span class='ocrx_word' id='word_1_266' title='bbox 626 3543 690 3590; x_wconf 90' lang='lat' dir='ltr'><strong>une</strong></span> <span class='ocrx_word' id='word_1_267' title='bbox 725 3524 855 3607; x_wconf 91' lang='lat' dir='ltr'><strong>quidem</strong></span> <span class='ocrx_word' id='word_1_268' title='bbox 892 3528 1001 3590; x_wconf 86' lang='lat' dir='ltr'><strong>aetate</strong></span> <span class='ocrx_word' id='word_1_269' title='bbox 1025 3524 1266 3607; x_wconf 85' lang='lat' dir='ltr'><strong>posthumeriee</strong></span> <span class='ocrx_word' id='word_1_270' title='bbox 1299 3524 1459 3591; x_wconf 80' lang='lat' dir='ltr'><strong>formatae</strong></span> <span class='ocrx_word' id='word_1_271' title='bbox 1494 3528 1581 3591; x_wconf 86' lang='lat' dir='ltr'><strong>sunt.</strong></span> 
     </span>
     <span class='ocr_line' id='line_1_31' title="bbox 249 3631 1580 3716; baseline -0.003 -16"><span class='ocrx_word' id='word_1_272' title='bbox 249 3696 250 3700; x_wconf 73' lang='grc'><strong><em>,</em></strong></span> <span class='ocrx_word' id='word_1_273' title='bbox 297 3633 391 3700; x_wconf 88' lang='lat' dir='ltr'><strong>Unde</strong></span> <span class='ocrx_word' id='word_1_274' title='bbox 417 3633 564 3716; x_wconf 84' lang='lat' dir='ltr'><strong>sequitur</strong></span> <span class='ocrx_word' id='word_1_275' title='bbox 587 3651 698 3699; x_wconf 89' lang='lat' dir='ltr'><strong>vocem</strong></span> <span class='ocrx_word' id='word_1_276' title='bbox 724 3632 908 3716; x_wconf 80' lang='grc' dir='ltr'><em>φερέγγυος</em></span> <span class='ocrx_word' id='word_1_277' title='bbox 931 3632 973 3699; x_wconf 86' lang='lat' dir='ltr'><strong>nd</strong></span> <span class='ocrx_word' id='word_1_278' title='bbox 997 3638 1139 3699; x_wconf 80' lang='lat' dir='ltr'><strong>aetatem</strong></span> <span class='ocrx_word' id='word_1_279' title='bbox 1163 3632 1418 3704; x_wconf 87' lang='lat' dir='ltr'><strong>Atheniensibus</strong></span> <span class='ocrx_word' id='word_1_280' title='bbox 1441 3636 1475 3699; x_wconf 91' lang='lat' dir='ltr'><strong>et</strong></span> <span class='ocrx_word' id='word_1_281' title='bbox 1494 3631 1580 3697; x_wconf 91' lang='lat' dir='ltr'><strong>Ioni·</strong></span> 
     </span>
     <span class='ocr_line' id='line_1_32' title="bbox 298 3741 773 3808; baseline 0 -2"><span class='ocrx_word' id='word_1_282' title='bbox 298 3741 359 3807; x_wconf 87' lang='lat' dir='ltr'><strong>bns</strong></span> <span class='ocrx_word' id='word_1_283' title='bbox 384 3760 585 3808; x_wconf 91' lang='lat' dir='ltr'><strong>communem</strong></span> <span class='ocrx_word' id='word_1_284' title='bbox 609 3742 773 3807; x_wconf 87' lang='lat' dir='ltr'><strong>recedere.</strong></span> 
     </span>
    </p>

    <p class='ocr_par' dir='ltr' id='par_1_6' title="bbox 297 3846 1584 4369">
     <span class='ocr_line' id='line_1_33' title="bbox 405 3846 1584 3932; baseline -0.002 -19"><span class='ocrx_word' id='word_1_285' title='bbox 405 3848 548 3915; x_wconf 83' lang='lat' dir='ltr'><strong>Tertiam</strong></span> <span class='ocrx_word' id='word_1_286' title='bbox 572 3849 711 3932; x_wconf 91' lang='lat' dir='ltr'><strong>deniqne</strong></span> <span class='ocrx_word' id='word_1_287' title='bbox 747 3866 877 3915; x_wconf 82' lang='lat' dir='ltr'><strong>oensem</strong></span> <span class='ocrx_word' id='word_1_288' title='bbox 913 3850 988 3916; x_wconf 93' lang='lat' dir='ltr'><strong>inde</strong></span> <span class='ocrx_word' id='word_1_289' title='bbox 1011 3848 1143 3914; x_wconf 85' lang='lat' dir='ltr'><strong>haurire</strong></span> <span class='ocrx_word' id='word_1_290' title='bbox 1177 3847 1265 3929; x_wconf 86' lang='lat' dir='ltr'><strong>licet,</strong></span> <span class='ocrx_word' id='word_1_291' title='bbox 1301 3846 1389 3930; x_wconf 91' lang='lat' dir='ltr'><strong>qnod</strong></span> <span class='ocrx_word' id='word_1_292' title='bbox 1413 3846 1584 3931; x_wconf 80' lang='grc' dir='ltr'><strong>ἐχ-έγγοος</strong></span> 
     </span>
     <span class='ocr_line' id='line_1_34' title="bbox 297 3953 1582 4040; baseline -0.005 -17"><span class='ocrx_word' id='word_1_293' title='bbox 297 3956 483 4039; x_wconf 85' lang='lat' dir='ltr'><strong>oppositum</strong></span> <span class='ocrx_word' id='word_1_294' title='bbox 524 3957 612 4023; x_wconf 84' lang='lat' dir='ltr'><strong>vocis</strong></span> <span class='ocrx_word' id='word_1_295' title='bbox 657 3957 856 4040; x_wconf 81' lang='grc' dir='ltr'><em>φερ-έγγοος</em></span> <span class='ocrx_word' id='word_1_296' title='bbox 900 3958 1096 4025; x_wconf 84' lang='lat' dir='ltr'><strong>ediectinum</strong></span> <span class='ocrx_word' id='word_1_297' title='bbox 1135 3974 1238 4038; x_wconf 87' lang='lat' dir='ltr'><strong>aeque</strong></span> <span class='ocrx_word' id='word_1_298' title='bbox 1277 3954 1453 4021; x_wconf 83' lang='lat' dir='ltr'><strong>formatum</strong></span> <span class='ocrx_word' id='word_1_299' title='bbox 1494 3953 1582 4036; x_wconf 85' lang='lat' dir='ltr'><strong>opud</strong></span> 
     </span>
     <span class='ocr_line' id='line_1_35' title="bbox 298 4061 1582 4149; baseline -0.003 -20"><span class='ocrx_word' id='word_1_300' title='bbox 298 4064 514 4129; x_wconf 87' lang='lat' dir='ltr'><strong>Athenienses</strong></span> <span class='ocrx_word' id='word_1_301' title='bbox 537 4066 575 4131; x_wconf 93' lang='lat' dir='ltr'><strong>V.</strong></span> <span class='ocrx_word' id='word_1_302' title='bbox 601 4065 730 4148; x_wconf 89' lang='lat' dir='ltr'><strong>quidem</strong></span> <span class='ocrx_word' id='word_1_303' title='bbox 754 4064 877 4131; x_wconf 87' lang='lat' dir='ltr'><strong>soeculi</strong></span> <span class='ocrx_word' id='word_1_304' title='bbox 912 4084 976 4131; x_wconf 92' lang='lat' dir='ltr'><strong>non</strong></span> <span class='ocrx_word' id='word_1_305' title='bbox 1000 4066 1146 4149; x_wconf 81' lang='lat' dir='ltr'><strong>ignotum</strong></span> <span class='ocrx_word' id='word_1_306' title='bbox 1175 4063 1237 4130; x_wconf 85' lang='lat' dir='ltr'><strong>init</strong></span> <span class='ocrx_word' id='word_1_307' title='bbox 1265 4064 1355 4131; x_wconf 82' lang='lat' dir='ltr'><strong>velut</strong></span> <span class='ocrx_word' id='word_1_308' title='bbox 1379 4061 1582 4145; x_wconf 88' lang='lat' dir='ltr'><strong>Thucydides</strong></span> 
     </span>
     <span class='ocr_line' id='line_1_36' title="bbox 297 4168 1584 4256; baseline -0.003 -18"><span class='ocrx_word' id='word_1_309' title='bbox 297 4173 429 4255; x_wconf 88' lang='lat' dir='ltr'><strong>scripsit</strong></span> <span class='ocrx_word' id='word_1_310' title='bbox 451 4171 508 4237; x_wconf 88' lang='lat'>111.</span> <span class='ocrx_word' id='word_1_311' title='bbox 535 4175 578 4239; x_wconf 87' lang='grc'><strong>46</strong></span> <span class='ocrx_word' id='word_1_312' title='bbox 602 4170 729 4239; x_wconf 84' lang='grc' dir='ltr'><strong><em>οὔκουν</em></strong></span> <span class='ocrx_word' id='word_1_313' title='bbox 749 4172 814 4256; x_wconf 85' lang='grc' dir='ltr'><strong>χρη</strong></span> <span class='ocrx_word' id='word_1_314' title='bbox 839 4170 920 4238; x_wconf 82' lang='grc' dir='ltr'><strong>οὔτε</strong></span> <span class='ocrx_word' id='word_1_315' title='bbox 943 4176 1004 4239; x_wconf 87' lang='grc' dir='ltr'><strong>τοῦ</strong></span> <span class='ocrx_word' id='word_1_316' title='bbox 1029 4171 1186 4238; x_wconf 69' lang='grc' dir='ltr'><strong><em>θανάτου</em></strong></span> <span class='ocrx_word' id='word_1_317' title='bbox 1209 4175 1251 4253; x_wconf 85' lang='grc' dir='ltr'><strong>τῇ</strong></span> <span class='ocrx_word' id='word_1_318' title='bbox 1280 4169 1382 4254; x_wconf 80' lang='grc' dir='ltr'><strong><em>ζημίᾳ</em></strong></span> <span class='ocrx_word' id='word_1_319' title='bbox 1406 4169 1455 4251; x_wconf 85' lang='grc' dir='ltr'><strong>ὡς</strong></span> <span class='ocrx_word' id='word_1_320' title='bbox 1478 4168 1584 4252; x_wconf 79' lang='grc' dir='ltr'><em>ἐχεγ-</em></span> 
     </span>
     <span class='ocr_line' id='line_1_37' title="bbox 299 4276 1583 4369; baseline -0.002 -24"><span class='ocrx_word' id='word_1_321' title='bbox 299 4280 379 4363; x_wconf 87' lang='grc' dir='ltr'><strong>γύῳ</strong></span> <span class='ocrx_word' id='word_1_322' title='bbox 408 4280 652 4363; x_wconf 76' lang='grc' dir='ltr'><strong>πιστεύσαντες</strong></span> <span class='ocrx_word' id='word_1_323' title='bbox 671 4277 1079 4369; x_wconf 65' lang='grc' dir='ltr'><strong>χεῖρονξβονλτύσασθαι,</strong></span> <span class='ocrx_word' id='word_1_324' title='bbox 1103 4278 1142 4347; x_wconf 86' lang='lat' dir='ltr'><strong>cl.</strong></span> <span class='ocrx_word' id='word_1_325' title='bbox 1167 4280 1305 4364; x_wconf 85' lang='lat' dir='ltr'><strong>Hesych.</strong></span> <span class='ocrx_word' id='word_1_326' title='bbox 1330 4298 1356 4344; x_wconf 90' lang='lat' dir='ltr'><strong>s.</strong></span> <span class='ocrx_word' id='word_1_327' title='bbox 1372 4300 1401 4346; x_wconf 85' lang='lat' dir='ltr'><strong>y.</strong></span> <span class='ocrx_word' id='word_1_328' title='bbox 1425 4276 1583 4361; x_wconf 75' lang='grc' dir='ltr'><em>ἐχεγγύῳ·</em></span> 
     </span>
    </p>
   </div>
   <div class='ocr_carea' id='block_1_4' title="bbox 298 4531 1584 4709">
    <p class='ocr_par' dir='ltr' id='par_1_7' title="bbox 298 4531 1584 4709">
     <span class='ocr_line' id='line_1_38' title="bbox 407 4531 1584 4617; baseline -0.001 -16"><span class='ocrx_word' id='word_1_329' title='bbox 407 4548 429 4617; x_wconf 82' lang='lat'><strong>¹)</strong></span> <span class='ocrx_word' id='word_1_330' title='bbox 449 4548 484 4601; x_wconf 79' lang='grc' dir='ltr'><strong>ιι.</strong></span> <span class='ocrx_word' id='word_1_331' title='bbox 512 4547 629 4616; x_wconf 76' lang='lat' dir='ltr'><strong>oscum,</strong></span> <span class='ocrx_word' id='word_1_332' title='bbox 658 4548 707 4602; x_wconf 78' lang='grc' dir='ltr'><strong>ιιι</strong></span> <span class='ocrx_word' id='word_1_333' title='bbox 735 4547 857 4604; x_wconf 73' lang='lat' dir='ltr'><strong>vernum</strong></span> <span class='ocrx_word' id='word_1_334' title='bbox 884 4548 903 4602; x_wconf 80' lang='lat' dir='ltr'><strong>s.</strong></span> <span class='ocrx_word' id='word_1_335' title='bbox 931 4548 957 4602; x_wconf 86' lang='lat' dir='ltr'><strong>u.</strong></span> <span class='ocrx_word' id='word_1_336' title='bbox 985 4546 1239 4615; x_wconf 81' lang='lat' dir='ltr'><strong>Nominalbiloung,</strong></span> <span class='ocrx_word' id='word_1_337' title='bbox 1266 4531 1338 4601; x_wconf 74' lang='lat' dir='ltr'><strong>&#39;uena</strong></span> <span class='ocrx_word' id='word_1_338' title='bbox 1367 4548 1445 4614; x_wconf 83' lang='lat' dir='ltr'><strong>rere,</strong></span> <span class='ocrx_word' id='word_1_339' title='bbox 1474 4561 1500 4615; x_wconf 82' lang='lat' dir='ltr'><strong>p.</strong></span> <span class='ocrx_word' id='word_1_340' title='bbox 1522 4547 1584 4611; x_wconf 82' lang='lat' dir='ltr'><strong>rer,</strong></span> 
     </span>
     <span class='ocr_line' id='line_1_39' title="bbox 298 4636 1015 4709; baseline 0.008 -21"><span class='ocrx_word' id='word_1_341' title='bbox 298 4636 465 4704; x_wconf 83' lang='lat' dir='ltr'><strong>Bregmann,</strong></span> <span class='ocrx_word' id='word_1_342' title='bbox 483 4636 586 4705; x_wconf 84' lang='lat' dir='ltr'><strong>griech.</strong></span> <span class='ocrx_word' id='word_1_343' title='bbox 610 4636 729 4693; x_wconf 80' lang='lat' dir='ltr'><strong>Grnmm.</strong></span> <span class='ocrx_word' id='word_1_344' title='bbox 748 4636 762 4709; x_wconf 70' lang='grc' dir='ltr'><strong>ξ</strong></span> <span class='ocrx_word' id='word_1_345' title='bbox 784 4638 841 4695; x_wconf 82' lang='lat'><strong>156.</strong></span> <span class='ocrx_word' id='word_1_346' title='bbox 859 4641 882 4693; x_wconf 90' lang='grc'><strong>1.</strong></span> <span class='ocrx_word' id='word_1_347' title='bbox 1012 4648 1015 4654; x_wconf 94' lang='grc'><strong>’</strong></span> 
     </span>
    </p>
   </div>
   <div class='ocr_carea' id='block_1_5' title="bbox 1723 4137 1728 4234">
    <p class='ocr_par' dir='ltr' id='par_1_8' title="bbox 1723 4137 1728 4234">
     <span class='ocr_line' id='line_1_40' title="bbox 1723 4137 1728 4234; baseline 0 0"><span class='ocrx_word' id='word_1_348' title='bbox 1723 4137 1728 4234; x_wconf 86' lang='lat' dir='ltr'><strong>l</strong></span> 
     </span>
    </p>
   </div>
   <div class='ocr_carea' id='block_1_6' title="bbox 0 0 1747 5250">
    <p class='ocr_par' dir='ltr' id='par_1_9' title="bbox 0 0 1747 5250">
     <span class='ocr_line' id='line_1_41' title="bbox 0 0 1747 5250; baseline 0 0"><span class='ocrx_word' id='word_1_349' title='bbox 0 0 1747 5250; x_wconf 95' lang='lat' dir='ltr'><strong> </strong></span> 
     </span>
    </p>
   </div>
  </div>
 </body>
</html>
