3475 5250
819 262 1044 328 ..54-

291 443 439 509 Positum
462 443 563 524 igitur
586 443 620 506 in
643 441 757 524 primis
781 440 834 518 sit,
870 442 1018 524 quaeda
1046 442 1227 526 veriloquio
1252 441 1382 524 cognita
1405 441 1571 508 habemus.

291 551 336 618 Et
359 559 410 618 est
433 550 562 634 quidem
586 568 704 616 nomen
727 550 931 618 notissimum
962 569 1034 618 cum
1058 553 1145 634 apud
1168 551 1312 634 reliquos
1336 550 1480 616 Graecos
1502 555 1574 615 tum

292 660 380 743 apud
403 659 618 725 Athenienses
641 656 695 742 (ci.
713 658 768 724 le.
793 658 818 723 I.
845 659 962 744 322)h
987 657 1107 742 ἁρμός,
1132 678 1196 742 quo
1212 659 1374 724 indicatur
1398 659 1576 725 commis-

291 787 383 836 sura
418 787 476 833 seu
510 784 703 850 compago.
763 765 841 832 Eius
865 767 1004 832 nominis
1041 767 1169 832 dativus
1205 765 1305 849 ἁρμῷ
1342 775 1376 834 et
1415 767 1573 832 loretivus

293 876 400 959 ἁρμοῖ
420 873 599 942 adverbiali
634 875 666 941 vi
690 875 842 942 instructi
866 877 907 942 de
935 876 976 943 iis
999 876 1097 942 rebus
1121 874 1326 957 adhibentur,
1362 873 1574 957 quaefactae

293 985 413 1050 sintin
437 984 567 1050 modum
593 983 831 1051 commissurae.
879 983 973 1048 Hunc
1003 983 1215 1065 originarium
1251 1000 1382 1048 sensum
1412 982 1500 1047 solus
1522 999 1575 1046 re·

292 1092 392 1158 tinuit
426 1092 655 1173 Hippocrates
695 1092 786 1158 cuius
827 1097 895 1157 tres
930 1092 1057 1174 priores
1095 1091 1183 1157 locos
1222 1089 1379 1157 conteras.
1443 1088 1575 1156 'lralate

292 1205 401 1265 autem
424 1204 602 1281 usurpatur
618 1219 680 1265 vox
695 1200 782 1282 apud
797 1200 1041 1283 Hippocratem,
1067 1199 1270 1282 Aeschylum,
1287 1198 1475 1278 Pindarum,
1492 1217 1575 1281 quos

292 1311 359 1374 tres
383 1308 471 1374 locos
496 1307 609 1372 eodem
631 1308 758 1374 ratione
783 1308 989 1391 explicandos
1014 1325 1086 1374 esse
1110 1326 1287 1374 censemus.
1335 1306 1383 1372 Ex
1407 1307 1478 1388 ipso
1502 1307 1576 1390 qui·

293 1416 365 1481 dem
390 1434 536 1482 connexu
551 1415 782 1498 interpretatio
799 1415 979 1482 haurienda
1003 1434 1067 1481 non
1091 1421 1158 1491 est3
1182 1420 1291 1480 tamma
1308 1416 1390 1481 satis
1405 1414 1575 1496 probabile

293 1529 343 1589 est
365 1523 531 1589 notionem
548 1523 802 1590 continuationis
819 1531 852 1589 et
868 1541 1076 1607 nexus,quae
1092 1524 1162 1589 voci
1179 1522 1290 1605 ἁρμός
1304 1520 1575 1605 significationem

293 1632 491 1716 compaginis
532 1632 630 1706 dedit,
667 1631 701 1697 in
736 1632 890 1698 adverbio
925 1636 1088 1697 servatam
1124 1649 1206 1714 esse,
1241 1636 1279 1696 ut
1313 1649 1366 1696 res
1402 1630 1574 1710 indicetur,

292 1757 375 1823 quae
399 1740 553 1806 continua
576 1743 610 1805 et
633 1745 793 1822 perpetua
828 1740 883 1804 sit.
930 1737 1136 1822 sicquidem
1173 1757 1273 1820 supra
1308 1737 1452 1819 singulos
1486 1737 1575 1804 locos

291 1852 419 1913 vertere
443 1848 550 1914 conati
585 1866 706 1913 sumus,
753 1847 902 1932 Denique
925 1847 1137 1913 Alexandrini
1172 1850 1288 1929 poetae
1324 1845 1510 1912 adverbium
1536 1846 1576 1912 de

290 1960 472 2037 temporum
508 1973 652 2021 connexu
678 1953 828 2040 (osmeri)
853 1960 1101 2037 usurpaverunt,
1125 1959 1163 2019 ut
1186 1973 1227 2020 ex
1249 1953 1446 2021 testimoniis
1470 1954 1577 2021 elucet

293 2062 412 2128 allatis.
1176 2087 1179 2090 ·

400 2171 490 2249 Quae
513 2188 584 2236 cum
608 2171 655 2236 ita
680 2169 755 2252 siut,
780 2171 972 2236 nouaclum
997 2171 1191 2236 concedetur
1215 2168 1362 2253 profecto
1386 2171 1573 2238 adverbium

295 2277 403 2361 ἁρμοῖ
425 2277 524 2361 ἁρμῷ
559 2279 593 2344 in
616 2278 727 2344 Ionica
750 2277 904 2361 loquendi
928 2278 1161 2344 consuetudine
1195 2297 1259 2343 non
1291 2277 1440 2361 ignotum
1463 2276 1574 2359 luisse,

292 2387 536 2467 verumetiam,
573 2405 645 2452 cum
669 2386 961 2452 Alexandrinorum
997 2405 1125 2469 quoque
1161 2391 1330 2469 poetarum
1354 2385 1576 2468 proprietates

291 2514 410 2577 magna
435 2515 473 2560 ex
492 2500 586 2578 parte
610 2495 652 2561 ad
667 2495 763 2560 Iones
786 2495 952 2578 recedant,
977 2495 1087 2561 videre
1111 2493 1191 2561 licet
1212 2494 1264 2561 his
1288 2513 1351 2560 non
1375 2493 1479 2558 solum
1502 2512 1576 2559 sen·

293 2622 363 2671 sum
387 2603 600 2686 originarium
635 2608 668 2671 et
693 2603 732 2670 de
755 2602 826 2669 loeo
851 2609 885 2669 et
920 2602 960 2669 de
984 2607 1130 2686 tempore
1155 2606 1356 2686 usurpatum,
1395 2601 1576 2669 sedetiam

295 2713 362 2795 (ap.
386 2710 556 2799 Hippoer.)
580 2711 735 2778 tralatam
761 2710 1030 2793 significationem
1056 2712 1089 2777 in
1112 2730 1174 2777 usu
1198 2710 1308 2777 fuisse.
1353 2710 1447 2777 Unde
1471 2710 1578 2777 elucet

294 2819 402 2903 ἁρμοῖ
423 2818 522 2903 ἁρμῷ
547 2819 767 2886 adverbialem
802 2820 867 2886 vim
902 2819 935 2884 in
971 2820 1107 2886 Ionum
1142 2837 1290 2886 sermone
1326 2819 1489 2885 cotidiano
1524 2838 1578 2885 ac·

208 3014 210 3020 ¹
294 2928 429 3010 cepisse.
474 2928 589 3010 Neque
624 2928 708 2993 enim
733 2927 972 2995 Metellieorum
996 2934 1110 2994 auctor
1145 2928 1272 3009 priscae
1301 2926 1446 2993 Atthidis
1481 2926 1578 2992 testis

295 3039 354 3117 est,
391 3032 430 3100 ci.
456 3035 654 3102 Meinehium
678 3036 719 3101 ad
742 3035 814 3115 loe,
851 3044 885 3101 et
919 3035 1098 3119 Aeschylus
1127 3054 1238 3103 vocem
1271 3036 1312 3102 ab
1341 3034 1475 3101 Ionibus
1508 3053 1578 3099 mu·

295 3145 405 3208 tuatus
430 3148 490 3210 est.

402 3250 445 3315 At
469 3250 565 3316 aliter
588 3251 753 3317 veteribus
778 3251 1000 3332 grammaticis
1035 3269 1087 3316 res
1111 3250 1322 3334 comprobata
1346 3254 1406 3331 est,
1439 3268 1576 3332 quorum

294 3356 485 3424 testimonia
519 3357 683 3423 uberrima
718 3357 882 3437 congessit
917 3363 950 3425 et
983 3358 1140 3425 tractavit
1173 3357 1311 3439 Ahrens,
1348 3358 1424 3424 dial.
1454 3357 1512 3424 Gr.
1537 3358 1569 3423 11

295 3485 328 3548 p.
353 3465 427 3531 385.
476 3465 710 3532 Gravissimum
745 3471 796 3532 est
819 3466 999 3532 Herodiani
1033 3467 1067 3533 in
1102 3467 1207 3550 Etym.
1238 3467 1346 3548 Magn.
1371 3487 1403 3550 p.
1432 3468 1576 3546 144.19,

294 3572 472 3639 Herodian.
498 3572 632 3657 (Lenta)
655 3574 696 3641 lI.
721 3594 752 3657 p.
779 3575 853 3639 478.
874 3574 925 3639 23.
966 3572 1112 3657 ἁρμός,
1149 3572 1294 3656 ἁρμοῖ,
1320 3572 1451 3656 ἁρμῷ·
1489 3572 1575 3657 αὕτη

233 3755 234 3759 ¹
296 3680 318 3764 ἡ
344 3678 460 3763 corrup
484 3678 658 3765 μοσῆλὰεν
682 3682 731 3762 εἰς
755 3680 1024 3767 ἑπιρρημοσικὴν
1048 3683 1219 3765 oppertae
1241 3682 1299 3747 καὶ
1322 3680 1491 3765 ἐφύλαξεν
1515 3682 1576 3765 σὴν

297 3786 404 3854 αὐτοῦ
438 3787 589 3872 γραφὴν
610 3789 685 3856 οῖον
714 3789 841 3873 ἁρμῷ.
876 3792 1032 3879 σημαίνει
1055 3788 1094 3855 τὸ
1125 3788 1261 3872 ἀρτίως.
1299 3787 1317 3854 ὁ
1353 3786 1391 3853 dd
1425 3788 1576 3873 τεχνικὸς

296 3896 528 3983 (Herodianus)
546 3895 634 3978 λέγει
650 3895 703 3963 ὅτι
717 3894 813 3981 παρὰ
828 3902 903 3979 τοῖς
919 3896 1192 3980 Συρακοσίοις
1215 3894 1271 3961 oro
1290 3899 1353 3962 τοῦ
1373 3897 1574 3981 ῖγρὰφοσοι.

297 4002 420 4069 ἐκεῖνοι
443 4002 507 4087 γὰρ
524 4002 630 4087 ἁρμοῖ
643 4003 778 4087 λέγουσι
793 4003 881 4070 κατὰ
903 4002 1074 4087 συστολὴν
1094 4008 1156 4071 σοῦ
1180 3992 1214 4071 ὦ
1234 4006 1282 4086 οῖς
1297 3990 1384 4084 cbo,
1410 4003 1459 4085 ὡς
1481 4002 1575 4086 παρὰ

297 4108 508 4194 Καλλιμάχῳ
533 4114 637 4196 (sequ.
661 4111 722 4195 lrg.
749 4114 826 4193 230)
856 4111 928 4178 κτλ.
976 4113 1092 4179 Glossa
1116 4114 1207 4181 deest
1242 4115 1274 4180 in
1299 4114 1441 4179 Kaibelii
1465 4112 1574 4178 collec-

297 4219 386 4286 tione
410 4219 589 4301 glossarum
615 4220 830 4305 Italioterum,
855 4220 917 4304 irg.
943 4240 1022 4288 com.
1040 4221 1096 4288 Gr.
1121 4221 1146 4287 I.
1170 4242 1201 4304 p.
1222 4220 1469 4304 198ssq,·quia
1483 4221 1576 4286 valde

299 4332 450 4409 suspecta
474 4333 533 4401 est,
571 4328 633 4393 etsi
655 4328 817 4395 Meinekio
852 4327 945 4395 firmo
970 4329 1161 4396 documento
1185 4329 1256 4410 luit,
1293 4348 1365 4395 cum
1393 4328 1434 4393 ad
1457 4327 1575 4394 Phere-

300 4435 399 4501 cratis
411 4433 626 4518 fragmentum
640 4455 739 4520 supra
753 4443 1036 4505 commemoratum
1053 4457 1133 4504 com.
1148 4437 1209 4521 lrg.
1223 4439 1262 4504 ΙΙ.
1277 4458 1308 4520 p.
1323 4439 1386 4503 307
1404 4438 1576 4503 adnotaret

301 4541 492 4624 Aeschylum
503 4542 603 4610 tuisse
617 4544 1266 4613 Sicularumformarumstudiosissimum.
1284 4545 1453 4617 consentit
1468 4551 1574 4611 autem
