3475 5250
845 315 1062 380 ..34-

316 495 432 579 κλήρῳ
448 499 512 561 νῦν
526 491 741 574 πεπάλασθε,
757 497 794 560 ut
810 494 849 559 de
866 494 937 576 ipso
954 491 1117 558 sortiendo
1134 491 1221 558 dicat
1235 491 1419 559 Herodotus
1435 490 1493 559 III.
1511 493 1590 557 128:

316 602 544 686 παλλομένων
569 599 606 666 ἀὲ
628 599 786 684 λαγχάνει
809 599 846 665 ἐκ
868 600 1010 666 πάντων
1033 597 1192 680 Βαγαῖος.

421 711 458 777 In
494 710 626 776 dubium
659 713 794 775 vocatur
828 707 909 775 hacc
940 709 980 774 de
1002 707 1112 773 Ionica
1145 707 1270 788 origine
1299 707 1462 773 sententia
1485 707 1593 787 glossa

316 819 467 898 Bekkeri,
504 816 614 883 anecd.
638 836 670 898 p.
691 817 775 881 1095
812 813 976 900 (γλῶσσαι
1006 813 1094 879 κατὰ
1120 810 1250 901 πόλεις)
1284 812 1431 895 πάλος·
1466 811 1593 896 κλῆρος

317 923 496 1005 Αἰτωλῶν,
520 943 603 1007 quae
627 923 786 1006 quomodo
811 929 883 989 orta
906 924 959 1004 sit,
983 942 1087 1005 nuper
1110 922 1279 1004 inscriptio
1303 923 1450 988 Aetolica
1472 921 1592 1003 docuit,

318 1032 404 1098 o-e.
432 1033 516 1096 1415
541 1029 721 1116 (Ditteno.2
747 1029 826 1113 ωε)
853 1032 908 1095 15:
945 1028 1009 1095 aaa
1036 1028 1075 1094 σε
1098 1028 1267 1112 samaro
1286 1029 1405 1112 χώραν
1421 1078 1429 1094 .
1445 1077 1480 1094 ..
1504 1026 1594 1094 αμα
1719 1010 1720 1097 ἱ

317 1145 389 1204 κατ’
425 1135 612 1204 ἀνπαλον
645 1135 847 1220 μισάοάντω
881 1135 1003 1217 καάὼς
1037 1137 1094 1202 καί
1127 1134 1166 1201 τὸ
1196 1135 1375 1219 πρότερον.
1422 1136 1510 1202 Haec
1533 1155 1593 1201 vox

318 1243 532 1328 dpaatog=
545 1242 723 1325 άνάπαλος
745 1246 838 1311 nobis
861 1265 925 1312 non
949 1246 1061 1328 ignota
1085 1251 1146 1326 est,
1171 1244 1208 1310 cf.
1227 1243 1320 1310 Pind.
1339 1243 1389 1310 01.
1406 1243 1475 1310 VH.
1491 1246 1548 1308 61:

529 1355 587 1418 καί
609 1353 652 1435 ῥά
675 1373 733 1435 μιν
754 1351 872 1435 χώρας
895 1350 1098 1435 ἀκλάρωτον
1121 1349 1222 1416 λίπον

530 1458 633 1541 ἀγνὸν
656 1458 751 1540 θεόν,

529 1564 720 1648 μνασήένττ
744 1565 781 1632 dd
803 1565 891 1648 Ζεὺς
914 1563 1075 1649 ἄμπαλον
1097 1564 1221 1648 μέλλεν
1244 1563 1352 1648 άέμεν

319 1673 417 1740 schol.
443 1671 548 1755 ήγουν
572 1673 803 1757 ἀναμερισμόν
820 1728 827 1742 .
846 1728 852 1741 .
872 1728 879 1741 .
897 1672 1136 1757 ἀναπλήρωσιν
1153 1672 1300 1739 ἀπὸτοῦ
1317 1667 1517 1754 ὉμήρονΗ
1530 1674 1587 1735 171

320 1788 352 1847 et
381 1781 462 1862 sim,
491 1782 576 1848 unde
603 1782 751 1847 Eusteth.
783 1783 823 1846 ad
850 1782 945 1848 Hom.
968 1801 1000 1864 p.
1020 1784 1071 1846 64.
1097 1784 1139 1847 42
1168 1787 1203 1849 et
1232 1783 1326 1846 1434.
1344 1781 1387 1846 36
1421 1779 1530 1844 hausit
1559 1775 1589 1845 ἀ.

320 1887 479 1970 ἀεάτερον
507 1887 620 1953 πάλον
648 1890 706 1954 καί
733 1887 861 1973 κλῆρον
892 1888 948 1954 ἐπὶ
975 1892 1140 1972 μερισμῷ.
1192 1885 1370 1970 Ἂμπαλος
1404 1887 1505 1970 igitur
1536 1904 1594 1951 vox

322 1996 468 2061 Aetolica
491 1994 561 2080 luit,
585 1999 668 2064 unde
692 1997 861 2080 veriloquii
882 1998 988 2078 gratia
1003 1997 1098 2063 homo
1116 1997 1343 2077 grammaticus
1359 1993 1454 2060 finxit
1468 1991 1593 2072 πάλος·

323 2099 502 2182 Αἰτωλῶν,
538 2110 571 2170 et
601 2105 635 2168 id
669 2103 761 2184 falso,
799 2123 873 2170 nam
906 2102 1085 2184 ἀνάπαλσς
1112 2124 1177 2171 non
1200 2109 1251 2171 est
1274 2103 1484 2185 compositum
1508 2101 1594 2167 vocis

320 2207 441 2290 πάλος,
466 2211 523 2276 sed
546 2212 720 2293 originario
743 2211 917 2277 formatum
938 2214 1071 2279 averbo
1089 2209 1289 2291 ἀναπάλλω,
1316 2228 1463 2292 „sursum
1479 2208 1592 2274 vihr0“

319 2322 375 2381 aut
399 2318 537 2395 „iterum
553 2317 667 2384 vibro“
692 2319 738 2401 (in
755 2320 937 2399 analogiam
952 2320 1124 2387 uerborum
1145 2318 1348 2403 άναβτωσκω
1376 2318 1592 2399 „revivesco“,
1719 2340 1720 2351 ε

319 2423 516 2506 άναγεννάω
549 2424 725 2510 „recreo“).
774 2426 929 2492 Similiter
964 2427 1101 2508 ἔκγονος
1123 2447 1187 2493 non
1212 2433 1262 2493 est
1285 2425 1499 2510 ἐμή-γάνος,
1537 2425 1593 2490 sed
1719 2448 1720 2509 j

318 2551 337 2596 a
360 2533 457 2598 verbo
488 2531 678 2614 έκγίγνσμαι
706 2532 887 2615 formatum,
924 2533 1115 2618 ἀμφίλογος
1143 2554 1207 2601 non
1233 2533 1374 2618 ἀμφί-Ι·
1388 2531 1500 2614 λόγος,
1536 2532 1592 2597 sed

317 2640 458 2706 averbo
495 2639 691 2722 άμφιλέγειν
726 2641 908 2710 formatum.
957 2640 1117 2725 άμπαλος
1145 2645 1246 2727 igitur
1276 2651 1327 2709 est
1349 2649 1406 2709 aut
1428 2643 1592 2708 resortitio

317 2748 421 2830 (Pind.
439 2767 509 2813 eum
527 2747 641 2834 schol.)
665 2754 722 2815 aut
746 2751 874 2816 sortitio
891 2769 1016 2817 sursum
1033 2752 1189 2819 vibrando
1205 2751 1291 2818 lacta
1308 2751 1431 2833 (inscr.‚
1455 2749 1593 2815 fortasse

318 2854 415 2919 etiam
439 2854 546 2936 Pind.)
583 2853 662 2920 (ium
686 2875 762 2923 voce
787 2862 896 2923 autem
920 2856 1032 2940 πάλος
1057 2866 1168 2940 „sors“
1193 2858 1211 2924 ὁ
1237 2855 1396 2940 ἀμπαλος
1410 2857 1491 2922 nihil
1509 2875 1591 2923 com·

317 2980 413 3027 mune
447 2962 555 3042 hahet,
592 2968 628 3029 ut
662 2964 744 3029 nihil
780 2966 898 3046 obstet,
935 2966 1104 3049 quominus
1139 2963 1251 3046 πάλος
1277 2965 1400 3045 Ionum,
1437 2961 1593 3045 ἀμπαλσς

318 3070 505 3135 Aetolorum
529 3070 682 3152 propriae
707 3073 773 3138 sint
796 3092 900 3139 voces.

588 3273 754 3356 ΦΕΡΝΗ,
779 3274 850 3340 AN
851 3274 1083 3356 ΤΙΦΕΡΝΟΣ,
1109 3273 1323 3345 ΦΕΡΝΙΟΝ.

424 3408 536 3493 Suppl.
554 3412 618 3475 979
644 3408 737 3497 (946)
762 3430 855 3494 anap.

529 3515 708 3598 τάσσεσήε,
735 3515 832 3602 φίλαι
855 3516 1013 3600 ἀμωϊάες,
1041 3516 1163 3599 οὕτως,

530 3624 578 3705 ὡς
601 3626 660 3709 ἐφ’
687 3625 812 3709 ἑκάστῃ
837 3624 1064 3708 ἀνεπλήρωσεν

529 3730 664 3815 Δαναὸς
687 3731 922 3817 ἀερσποντίάα
950 3735 1112 3817 φερνήν.

426 3841 484 3921 Ag.
501 3841 565 3905 406
591 3842 684 3926 (390)
710 3841 796 3909 chor.

531 3943 660 4027 ἄγουσά
683 3949 715 4012 τ’
742 3947 991 4030 ἀντίφερνον
1020 3946 1103 4030 Ἰλίῳ
1129 3945 1278 4029 φθοράν.
1325 3945 1487 4032 (Helena.)

427 4052 496 4119 Hoc
519 4053 589 4119 loco
615 4056 722 4137 φερνή
743 4056 889 4136 „dotem“
908 4055 1079 4139 significat,
1103 4074 1177 4121 nam
1194 4055 1310 4121 Troiae
1325 4055 1464 4121 vastatio
1485 4056 1591 4136 potuit

317 4178 431 4226 revera
461 4162 569 4226 vocari
600 4182 681 4245 „pro
705 4164 781 4229 dote
804 4163 984 4244 Helenae“;
1013 4164 1069 4229 illo
1096 4170 1204 4229 autem
1231 4162 1450 4245 metaphorice
1481 4175 1592 4226 servae

316 4267 538 4334 Danaidarum
555 4271 764 4353 appellantur
781 4273 859 4352 „dos
867 4277 892 4351 “,
914 4290 983 4336 cum
1006 4272 1097 4353 ipsae
1112 4275 1283 4352 praeterea
1298 4269 1379 4335 nihil
1393 4268 1591 4351 possideant.

316 4373 488 4457 Euripides
505 4392 615 4444 vocem
640 4379 747 4461 φερνή
760 4408 804 4434 =
817 4379 876 4444 dos
893 4378 1022 4445 exhibet
1045 4379 1115 4461 Iph.
1132 4378 1204 4444 Aul.
1222 4378 1264 4442 47
1281 4395 1388 4458 anap.‚
1414 4377 1475 4439 611
1494 4374 1589 4454 trim.‚

317 4481 400 4548 Med.
420 4486 483 4548 956
508 4486 604 4565 trim.‚
630 4486 727 4552 Phoe.
748 4488 832 4552 1581
857 4486 955 4565 trim.‚
979 4485 1040 4570 frg.
1059 4487 1133 4551 775.
1152 4489 1171 4552 2
1189 4486 1285 4562 trim.‚
1308 4483 1427 4550 tralata
1450 4480 1587 4547 1011298

316 4590 403 4653 trim.
429 4592 558 4673 φερνάς
581 4613 617 4673 γε
639 4592 794 4675 πολέμου
818 4593 876 4658 καὶ
900 4591 1004 4676 ἀορὸς
1026 4592 1144 4677 λαβὼν
1166 4594 1276 4674 γέρας.
