3475 5250
838 317 1056 381 ,42-

312 493 465 562 habuisse
495 493 695 561 demonstrat
722 494 810 562 locus
834 493 923 578 Sept.
942 494 1006 560 858
1023 494 1117 577 (837)
1141 495 1235 560 chor:
1270 491 1333 560 τόν
1361 490 1507 560 όατονον
1529 516 1587 577 με-

313 600 502 684 λάγκροκον
524 599 714 668 ναύστολον
737 600 892 685 θεωρίδα
918 603 957 668 de
982 603 1094 686 cymba
1117 602 1284 669 Charonis.
1333 603 1422 681 Quae
1445 621 1516 668 cum
1539 605 1588 670 ita

313 709 387 791 sint,
422 728 525 791 neque
560 710 629 775 veri
660 710 815 776 dissimile
843 716 893 777 est
916 729 1026 777 vocem
1048 709 1251 792 θεοπρόπος
1273 710 1444 792 aliquando
1468 712 1587 776 Atticis

312 817 345 881 in
369 835 429 881 usu
451 815 562 900 fuisse,
586 822 618 883 et
642 822 779 900 apparet
802 836 857 884 eos
881 817 970 883 illam
993 836 1155 901 nunquam
1179 818 1219 882 de
1244 817 1356 882 nuntio
1374 817 1495 882 oraculi
1512 836 1585 883 con·

312 924 439 990 sulendi
462 924 568 1005 gratia
590 924 688 991 misso
712 943 897 1008 usurpasse.

421 1033 555 1098 Accedit
577 1032 610 1098 in
633 1050 712 1099 voce
734 1031 936 1116 θεοπρόπος
950 1052 1102 1098 mensura
1117 1063 1236 1113 υ-υε,
1262 1050 1332 1098 cum
1348 1032 1442 1098 homo
1459 1033 1587 1098 Atticus

313 1141 524 1222 praetulisset
545 1166 660 1221 aasz,
686 1139 723 1206 cl.
748 1142 787 1207 de
808 1141 904 1224 Mese,
929 1141 1010 1206 Mus.
1028 1142 1127 1207 Rhen.
1148 1144 1199 1222 58,
1224 1160 1255 1222 p.
1275 1142 1349 1205 286.
1385 1139 1417 1205 Is
1442 1158 1588 1222 compro·

313 1249 404 1315 bavit
437 1248 630 1330 positionem
666 1253 741 1314 ante
777 1254 898 1314 mutam
935 1268 1005 1314 cum
1039 1249 1162 1331 liquida
1198 1267 1237 1312 ex
1260 1248 1361 1329 epicis
1385 1252 1417 1312 et
1440 1247 1586 1312 iambicis

314 1355 425 1421 Ionum
450 1356 644 1421 carminibus
664 1356 697 1422 in
713 1357 914 1440 tragoediam
931 1362 1094 1439 receptam
1110 1357 1151 1422 ab
1168 1358 1278 1422 Attica
1293 1355 1430 1420 dialecto
1448 1355 1587 1419 alienam

315 1481 395 1529 esse.
435 1462 525 1527 Nova
548 1463 648 1544 igitur
671 1465 795 1531 accedit
819 1483 925 1546 causa,
951 1483 1007 1531 cur
1030 1462 1230 1546 θεοπρόπος
1254 1463 1286 1527 in
1309 1463 1479 1543 tragoedia
1501 1463 1588 1527 inter

314 1588 408 1636 voces
431 1570 557 1670 lonicus
581 1589 746 1652 ponamus.

865 1756 1045 1823 ΨΗΓΜΑ.

421 1892 481 1976 Ag.
498 1895 562 1958 442
587 1891 680 1977 (424)
705 1893 792 1960 chor.

635 1999 654 2064 ὁ
674 1997 906 2084 χρυσαμοιβὸς
929 1998 962 2065 d’
986 1997 1091 2082 Ἄρης
1115 1999 1286 2082 σωμάτων

634 2109 689 2174 καὶ
712 2106 945 2191 ταλαντοῦχος
967 2107 1004 2172 ἐν
1026 2107 1118 2189 μάχῃ
1142 2104 1245 2187 ὁορὸς

635 2214 801 2298 πυρωθὲν
825 2214 862 2297 ἐξ
888 2214 984 2280 Ἰλίου

636 2321 763 2406 φίλοισι
784 2325 910 2406 πέμπει
932 2321 1021 2406 βαρὺ

635 2435 778 2514 ψῆγμα
802 2428 1035 2513 θυσὸάκρυταν
1059 2428 1114 2494 ἀν-

741 2539 887 2620 τήνορος
911 2535 1041 2602 σποὸοθ
1065 2539 1152 2619 νεμό-

743 2645 810 2728 ζων
833 2644 981 2730 λέβητας
1003 2641 1177 2725 εὐθέτους.

429 2751 546 2836 Ψῆγμα
575 2773 595 2818 a
618 2755 721 2835 stirpe
744 2770 832 2836 ψακ-
861 2752 914 2838 (cf.
937 2752 1064 2836 ψακάς,
1094 2753 1209 2835 ψήχω)
1241 2752 1412 2817 formatum
1443 2771 1589 2834 „ramen-

319 2865 406 2925 tum“
435 2866 493 2927 est.
534 2860 645 2943 Neque
668 2879 744 2927 vero
768 2862 808 2927 de
832 2861 977 2943 quolibet
999 2863 1144 2926 ramento
1163 2865 1348 2941 usurpatur,
1372 2859 1428 2925 sed
1453 2860 1486 2925 in
1509 2860 1590 2925 duas

318 2965 572 3049 significationes
600 2967 702 3033 artius
735 2969 993 3050 circumscriptas
1023 2968 1119 3049 abiit,
1155 2986 1228 3031 uam
1263 2967 1350 3047 apud
1379 2966 1590 3048 philosophos

318 3075 474 3157 quosdam
498 3076 677 3156 particulae
701 3094 870 3158 corporum
895 3076 1045 3140 minimae
1073 3075 1133 3139 hac
1156 3092 1233 3139 voce
1257 3074 1473 3156 nominantur,
1503 3076 1591 3156 apud

319 3182 459 3265 reliquos
483 3186 591 3247 autem
615 3183 790 3265 scriptores
813 3186 935 3265 ψῆγμα
961 3187 1161 3263 „ramentum
1184 3182 1288 3246 anri“
1316 3187 1375 3248 est.

424 3290 513 3355 Inter
547 3288 757 3371 philosophos
791 3288 931 3357 fortasse
966 3291 1030 3355 iam
1058 3289 1241 3355 Heraclitus
1276 3308 1354 3354 voce
1382 3292 1504 3371 ψῆγμα
1538 3290 1591 3355 vel

319 3396 514 3477 ψηγμάτων
538 3416 614 3463 usus
638 3401 698 3478 est,
723 3398 784 3463 etsi
808 3399 966 3463 incertum
984 3403 1042 3473 est,
1066 3416 1235 3480 quemnam
1259 3414 1389 3463 sensum
1405 3398 1434 3462 ei
1452 3397 1588 3464 dederit

320 3502 358 3568 cf.
385 3504 514 3587 doxogr.
536 3525 567 3588 p.
587 3506 651 3570 312
677 3511 709 3571 et
724 3506 838 3571 Dielsii
854 3504 937 3587 prol.
961 3526 992 3588 p.
1011 3506 1084 3570 221.
1125 3507 1230 3588 Atque
1247 3504 1438 3571 Aristoteles
1461 3526 1497 3570 π.
1515 3504 1589 3587 οόρ.

319 3611 376 3676 ΠΙ.
396 3613 424 3692 5,
452 3613 509 3680 ubi
537 3613 718 3679 doctrinam
741 3613 998 3680 Heraclitecrum
1022 3614 1222 3696 quorundam
1247 3618 1483 3692 commemorat,
1512 3613 1593 3677 dicit

318 3739 349 3802 p.
368 3721 433 3785 304
457 3739 476 3784 a
500 3723 539 3785 21
572 3720 610 3785 ἐκ
632 3725 695 3786 τοῦ
724 3719 1038 3805 λεπτομερεστάτου
1063 3719 1287 3801 ἀντιθεμένου
1312 3720 1397 3803 φασὶ
1419 3717 1593 3801 γίγνεσθαι
1730 3719 1731 3726 ’

320 3824 429 3892 τᾶλλα
451 3826 611 3912 καθάπερ
628 3826 671 3893 ἂν
687 3829 716 3893 εἰ
731 3828 1007 3913 αυμφυσωμὲνου
1022 3829 1213 3910 ψήγματος.
1252 3827 1459 3892 Potissimum
1483 3830 1592 3891 autem

321 3936 369 4000 ita
383 3935 491 4001 vocari
508 3936 601 4018 solet,
618 3937 704 4019 quod
718 3954 777 4003 nos
794 3937 929 4003 dicimus
949 3934 1305 4017 „Sonnenstdubchen“,
1322 3936 1356 4001 id
1371 3935 1455 4017 quod
1471 3934 1593 4000 Demo·

324 4044 423 4108 critus
451 4043 569 4109 dixisse
593 4043 729 4124 videtur,
762 4043 801 4110 cf.
824 4045 959 4110 Aristot.
975 4060 1011 4112 π.
1029 4041 1101 4125 οόρ.
1114 4042 1168 4109 IV.
1183 4046 1212 4123 6,
1236 4044 1292 4109 ubi
1315 4044 1402 4110 illius
1426 4044 1592 4110 doctrinae

321 4151 515 4216 mentionem
538 4150 628 4232 facit,
653 4171 682 4233 p.
701 4152 791 4215 313a
816 4153 873 4217 20:
910 4155 1023 4217 natare
1051 4151 1205 4233 quasdam
1235 4169 1286 4217 res
1310 4157 1444 4232 propter
1467 4151 1591 4234 exigui·

320 4262 421 4323 tatem
446 4257 521 4323 οἷον
543 4262 664 4341 ψῆγμα
687 4258 743 4323 καὶ
767 4254 856 4323 ἄλλα
879 4256 989 4341 γεώὸη
1013 4258 1069 4323 καὶ
1092 4256 1302 4341 κονιορτώθη
1327 4258 1384 4323 ἐπὶ
1403 4260 1464 4323 τοῦ
1480 4257 1592 4340 ἀέρος.

322 4366 442 4432 Eodem
467 4384 563 4433 sensu
587 4385 697 4433 vocem
719 4370 856 4447 usurpat
878 4366 963 4433 Plut.
981 4385 1059 4431 mor.
1083 4384 1114 4448 p.
1134 4366 1241 4446 7224,
1266 4366 1320 4448 qui
1346 4384 1383 4430 ex
1398 4365 1593 4447 Anaxagora

322 4478 544 4554 argumentum
573 4491 635 4541 nec
661 4493 724 4540 non
753 4474 856 4555 ipsam
879 4472 1018 4541 fortasse
1039 4492 1148 4540 vocem
1171 4474 1289 4540 hausit.
1336 4473 1483 4556 Denique
1505 4473 1591 4538 Plut.
1727 4547 1728 4550 Ἴ

323 4598 400 4645 mor.
426 4600 458 4663 p.
477 4580 573 4645 695B
597 4582 637 4647 de
653 4580 822 4664 particulis
838 4581 932 4666 nivis,
955 4582 1089 4665 Longin.
1106 4581 1168 4664 irg.
1185 4585 1203 4646 7
1222 4580 1351 4666 (Toup.)
1372 4582 1458 4663 apud
1473 4580 1593 4649 Euseb.
