3475 5250
732 374 953 435 ..91-

203 553 314 634 πισυῷ
337 549 465 636 βεβαίῳ
496 549 533 634 ἐξ
554 550 660 617 αὑτοῦ
685 550 795 635 ἔχοντι
822 550 886 634 τὴν
909 551 1041 634 ἐγγύην,
1076 556 1114 616 ut
1136 556 1245 619 vertas
1283 572 1410 637 „neque
1434 535 1485 622 ca·

203 661 282 743 pitis
318 660 516 725 damnationi
550 660 642 726 velut
676 679 758 744 quae
787 664 934 744 praestet
969 657 1026 743 (so.
1062 660 1249 742 republicae
1284 662 1423 730 salutem
1452 665 1484 730 in

203 766 349 850 futurum
373 767 516 851 tempus)
551 766 648 834 fidem
673 768 830 835 habentes
865 767 1011 834 deterius
1047 768 1214 836 consulere
1239 786 1372 836 necesse
1402 775 1486 840 est.“

197 877 317 957 ltaque
340 894 420 952 rem,
456 875 506 941 cui
541 874 622 942 fides
650 875 800 944 habenda
834 894 898 941 uon
924 876 976 951 sit,
1012 881 1107 942 vocat
1141 873 1341 959 ἀνοχέγγυος
1362 879 1417 946 IV.
1443 882 1484 945 55

206 982 317 1066 ᾤοντο
347 979 614 1066 ἁμαρτήσασθαι
637 981 692 1049 διὰ
715 981 755 1048 τὸ
776 981 840 1065 τὴν
856 983 997 1066 γνώμην
1020 982 1267 1067 ἀνεχέγγυου
1282 988 1485 1072 γεγενῆσθαι

205 1089 242 1156 ἐκ
265 1095 328 1174 τῆς
351 1091 432 1173 πρὶν
467 1089 613 1174 ἀηθείας
647 1094 709 1156 τοῦ
738 1094 978 1173 κοινοπραγεῖν.
1026 1091 1183 1158 Similiter
1207 1092 1381 1177 Sophocles
1406 1096 1485 1164 Oed.

205 1199 270 1265 (lol.
292 1200 357 1264 284
373 1199 459 1264 trim.
486 1187 602 1281 ὥσπερ
620 1195 742 1282 ἔλαβες
764 1196 825 1264 τὸν
842 1197 957 1280 ἱκέτην
979 1196 1187 1282 ἐχέγγυον,
1213 1201 1312 1268 schol.
1338 1201 1479 1287 ἀσφαλῆ

204 1308 310 1390 Atque
334 1306 506 1388 Euripides
523 1305 606 1373 Med.
633 1307 697 1372 388
722 1307 808 1374 trim.
833 1307 885 1386 νίς
907 1309 970 1389 γῆν
994 1303 1124 1372 ἄσυλον
1146 1306 1203 1372 καὶ
1226 1305 1357 1393 ὄόμους
1379 1310 1486 1394 ἐχεγ-

203 1415 329 1496 γυους
352 1412 448 1497 ξένος
470 1414 670 1498 παρασχών,
698 1415 777 1481 item
802 1415 901 1480 Andr.
928 1415 990 1480 199
1015 1414 1113 1496 trim.‚
1149 1415 1271 1483 Phoeu.
1297 1418 1361 1481 759
1386 1419 1485 1501 trim,

201 1521 264 1604 frg.
289 1522 402 1605 adesp.
427 1524 493 1587 494
517 1522 602 1588 trim.
652 1523 747 1605 Apud
771 1520 939 1587 Platonem
971 1527 1079 1587 autem
1104 1541 1167 1588 non
1184 1529 1308 1606 exstat,
1344 1526 1407 1591 etsi
1430 1525 1483 1590 Ti·

205 1649 317 1698 maeus
340 1631 373 1695 iu
397 1631 460 1696 lex.
474 1630 601 1696 Platon.
626 1647 736 1697 vocem
761 1629 900 1697 exhibet.
949 1627 1070 1696 Contra
1086 1631 1285 1698 recentiores
1309 1632 1487 1715 scriptores

204 1738 273 1805 eius
308 1737 470 1805 scribendi
494 1738 634 1823 generis,
672 1756 734 1821 quo
759 1737 953 1804 Plutarchus
988 1743 1022 1803 et
1046 1738 1207 1804 Lucienus
1241 1740 1290 1805 uti
1326 1740 1485 1821 solebant,

204 1865 275 1911 eam
310 1865 407 1913 sensu
442 1846 632 1913 contritione
668 1863 760 1931 „paq
797 1845 956 1913 idoneus“
995 1846 1207 1930 scripserunt,
1248 1865 1319 1943 cum
1354 1848 1486 1931 linguae

176 1981 178 1986 ·
204 1956 380 2020 communis
403 1955 625 2020 testimouium
650 1959 773 2021 certum
798 1954 903 2020 adhuc
926 1961 1092 2037 repertum
1117 1955 1258 2020 nonsit.

309 2061 413 2128 Huius
438 2062 538 2145 igitur
561 2061 648 2129 vocis
684 2063 839 2129 memoria
863 2080 977 2128 ausam
1000 2062 1130 2129 omnino
1154 2082 1218 2129 non
1242 2063 1393 2146 praebet,
1428 2082 1487 2128 our

204 2187 275 2235 eam
298 2168 429 2235 Ionibus
452 2171 660 2253 vindicemus,
696 2190 754 2237 uec
784 2190 861 2237 vero
885 2171 963 2236 licet
998 2189 1069 2236 eam
1097 2189 1117 2236 a
1140 2172 1310 2253 superiore
1334 2189 1412 2237 voce
1436 2189 1486 2236 sc·

205 2294 345 2360 cernere,
371 2280 564 2361 praesertim
589 2299 660 2345 cum
683 2281 750 2346 veri
768 2278 907 2361 speciem
925 2297 1004 2360 prae
1027 2296 1063 2343 se
1086 2276 1172 2344 ferat
1187 2283 1359 2362 utramque
1375 2298 1485 2346 rocem

205 2403 243 2450 ex
267 2404 414 2453 sermone
438 2387 619 2454 Atticorum
655 2386 799 2454 iudiciali
822 2386 973 2452 haustam
1003 2405 1084 2466 essa,
1119 2386 1153 2450 in
1190 2404 1254 2468 quo
1277 2405 1374 2469 saepe
1396 2386 1486 2451 vadi-

203 2495 384 2560 moniorum
407 2495 529 2561 mentio
565 2495 712 2562 facienda
746 2499 825 2562 erat.
882 2494 976 2559 Alter
1010 2493 1122 2578 igitur,
1159 2496 1211 2560 cui
1246 2495 1316 2561 siue
1351 2493 1486 2558 cautelis

203 2602 365 2681 creditur,.
382 2601 537 2687 ἐχέγγυος
557 2607 617 2685 est,
643 2602 736 2687 alter,
763 2603 813 2669 oui
830 2607 979 2688 praestat
1000 2603 1127 2687 aliquis,
1154 2603 1348 2687 φερέγγυος.
1396 2600 1486 2681 Quae

202 2728 256 2777 res
301 2710 375 2777 ideo
422 2710 520 2777 dubia
558 2716 677 2792 manet,
726 2712 812 2794 quod
848 2730 889 2777 uc
934 2712 1062 2778 Solonis
1099 2712 1229 2795 quidem
1273 2711 1381 2793 legum
1419 2728 1486 2776 ser·

202 2836 329 2884 monem
353 2819 433 2885 satis
458 2818 659 2902 exploratum
682 2818 847 2901 habemus,
882 2820 938 2903 qui
968 2823 1125 2903 quantum
1149 2838 1169 2885 a
1191 2819 1245 2885 IV.
1272 2818 1393 2885 saeculi
1417 2836 1485 2884 ser·

202 2945 297 2992 mone
320 2926 449 3007 afuerit,
484 2931 594 2992 uotum
620 2932 670 2993 est
694 2946 731 2992 ex
760 2924 954 3010 fragmentis
982 2928 1069 3009 apud
1092 2928 1222 3010 Lysiam
1245 2946 1290 2993 or.
1320 2929 1360 2993 10
1384 2931 1417 2992 et
1443 2928 1481 2991 11

205 3035 358 3101 servatis.

768 3229 911 3301 ΑΚΤΗ.

311 3377 591 3445 Praetermisimus
624 3377 729 3444 adhuc
759 3396 880 3460 vocem,
917 3395 1012 3460 quam
1048 3377 1113 3442 iam
1144 3373 1394 3442 Rutherlordius
1417 3373 1440 3439 l.
1457 3393 1484 3441 c.

202 3506 234 3569 p.
266 3489 304 3550 ll
351 3483 443 3551 firmo
480 3490 669 3569 argumento
706 3486 863 3552 adductus
903 3484 1030 3567 priscae
1069 3483 1197 3549 Atthidi
1235 3483 1362 3566 tribuit,
1403 3500 1485 3567 quae

203 3594 350 3677 quaestio
375 3592 469 3659 nohis
492 3594 701 3660 retractanda
725 3598 785 3675 est,
820 3599 993 3677 postquam
1015 3591 1208 3658 Wittelriud.
1233 3611 1265 3674 p.
1291 3592 1332 3655 39
1342 3608 1388 3673 sq.
1414 3608 1502 3655 eam·

206 3702 292 3768 iuter
316 3701 472 3767 vocabula
495 3700 605 3767 Ionica
627 3701 747 3785 posuit.

241 3798 244 3805 ’
312 3807 397 3893 ἀκτή
421 3809 592 3877 notissima
627 3814 678 3876 est
700 3828 761 3876 vox
784 3807 817 3873 in
843 3807 1039 3874 Graecorum
1063 3810 1233 3889 poetarum
1257 3824 1415 3880 sermone,
1452 3806 1485 3871 iu

202 3917 348 4000 pedestri
372 3922 479 3983 autem
496 3917 654 3984 Herodoti
678 3916 746 3984 lere
770 3916 870 3984 solius
895 3934 1042 3982 sermone
1067 3914 1161 3981 obvia
1184 3918 1293 3981 tamen
1310 3913 1484 3998 aliquando

204 4026 357 4092 usitatior
381 4026 457 4109 luit,
480 4027 566 4110 quod
590 4028 717 4093 nornine
741 4025 875 4109 proprio
902 4022 997 4108 Ἀκτή
1028 4024 1256 4106 comprobatur
1279 4041 1350 4088 cum
1373 4021 1485 4087 multis

208 4132 365 4199 Graeciae
401 4133 553 4215 gentibus
588 4141 657 4201 tum
682 4133 1011 4201 Atheniensibus
1035 4132 1167 4199 usitato.
1215 4131 1329 4214 ltaque
1355 4128 1486 4195 dubium

203 4246 352 4322 nonest,
388 4241 465 4324 quin
491 4239 661 4323 darrj'rox
685 4244 793 4309 Attica
826 4241 935 4307 fuerit.
983 4240 1075 4307 Hanc
1103 4238 1328 4306 Rutherlordii
1359 4238 1485 4319 exposi-

203 4349 324 4416 tionem
348 4354 381 4415 et
398 4349 586 4433 augebimus
611 4356 643 4415 et
661 4348 930 4431 confirmabimus,
956 4368 1027 4416 cum
1044 4366 1169 4415 omnem
1193 4348 1280 4415 vocis
1297 4345 1484 4412 memoriam

206 4476 425 4541 congeramus.

309 4565 441 4633 Initium
477 4564 577 4648 igitur
605 4565 796 4648 capiendum
830 4564 925 4631 nohis
959 4569 1011 4633 est
1043 4565 1085 4631 ab
1108 4563 1243 4632 Homeri
1277 4561 1486 4641 carminibus,

203 4692 268 4756 qua
299 4675 339 4741 de
368 4694 404 4740 re
433 4672 579 4740 conferas
607 4672 770 4756 Ebeliugii
805 4672 867 4739 lex.
896 4672 1086 4739 Homer.
1118 4668 1216 4753 Ἀκυη
1249 4669 1400 4754 opposita
1435 4673 1486 4736 est
