3475 5250
714 319 936 386 ..43-

184 486 301 585 praep.
326 516 438 582 evang.
463 497 532 565 XV.
551 500 591 564 91
622 518 655 583 p.
672 499 771 564 8938
802 500 842 566 ι1ε
871 498 987 566 atomis
1016 516 1127 566 uocem
1150 502 1271 584 ψήγμο
1298 500 1459 584 exhibent,

190 609 248 693 qui
271 608 387 691 quibus
411 627 450 673 ex
473 605 615 674 ioutibus
640 607 817 690 hauserint,
841 607 998 672 incertum
1021 610 1079 673 est.
1121 606 1196 672 Sim.
1222 608 1299 673 Hes.
1323 612 1458 691 ψήγμα·

186 716 298 800 ξύσμα
320 715 342 799 ή
365 713 486 799 μικρὸν
501 714 656 798 ήρᾶμμα,
681 713 827 798 κλάσμα,
852 714 939 780 Suid.
957 714 1136 796 ψήγματα·
1160 712 1264 796 μικρὰ
1279 715 1460 797 κομμάτια.

187 826 226 890 Id
250 843 327 891 vcro
351 825 525 890 tenendum
558 829 607 890 est
629 827 751 906 ψήγμο
774 821 961 905 significans
984 822 1178 903 particulam
1201 823 1345 904 corporis
1368 824 1460 889 mini·

186 952 272 998 marn
297 931 486 998 uocabulum
511 950 582 999 esse
605 930 870 1015 philosophorum
894 929 1067 1014 peculiare.

296 1038 438 1104 Alterius
462 1038 706 1120 significationis
723 1038 869 1121 exempla
884 1038 977 1105 nabis
993 1037 1128 1119 praebet
1144 1038 1381 1120 Hemnatae,
1407 1041 1462 1123 qni

188 1151 310 1229 ψήγμα
333 1150 426 1212 vocat
449 1165 563 1212 aarum
586 1166 606 1212 a
628 1145 734 1212 fluviis
758 1145 846 1212 velut
869 1166 890 1212 a
911 1146 1044 1213 Pactolo
1069 1146 1225 1212 delatum:
1261 1147 1300 1211 V.
1320 1149 1380 1212 101
1407 1146 1463 1212 έιιὶ

189 1251 252 1318 τὸν
267 1250 461 1318 Πακτωλὸν
483 1252 641 1336 ποταμὸν
665 1251 704 1335 ὅς
729 1271 790 1336 σφι
812 1257 935 1336 ψήγμα
954 1256 1083 1335 χρυσοῦ
1104 1254 1333 1336 καταφορέων
1349 1253 1386 1318 ἐκ
1401 1257 1462 1319 τοῦ

193 1358 339 1443 Τμώλου
357 1409 365 1426 .
382 1409 389 1425 .
408 1410 416 1426 .
441 1361 633 1444 Plerumque
649 1361 811 1427 omittitur
825 1364 968 1443 χρυσοῖ;
997 1361 1022 1425 Ι.
1040 1362 1081 1425 93
1106 1365 1167 1426 τοῦ
1184 1361 1222 1426 έκ
1237 1365 1299 1426 τοῦ
1319 1359 1463 1444 Τμώλου

188 1468 473 1551 καταφερομένου
487 1469 679 1551 ψήγματος,
702 1467 744 1532 Π.
760 1469 823 1532 195
840 1467 876 1548 ἐς
892 1466 1006 1551 σωρὸν
1021 1469 1212 1551 ψήγματος,
1236 1471 1349 1536 endem
1365 1487 1464 1536 sensu

189 1575 249 1642 III.
271 1577 402 1640 94-98
427 1575 566 1658 saepius.
613 1574 700 1642 Satis
723 1593 825 1658 prope
853 1576 980 1642 accedit
1008 1576 1048 1641 ad
1071 1576 1157 1641 hunc
1179 1595 1271 1641 nsum
1294 1577 1463 1659 inscriptio

189 1683 264 1748 Deli
294 1683 328 1749 in
357 1684 464 1749 insula
492 1689 624 1765 reperta
646 1683 704 1749 III.
731 1683 861 1764 saeculi,
898 1683 981 1748 Bull.
1007 1684 1046 1749 de
1069 1700 1151 1749 corr.
1175 1682 1251 1748 hell.
1268 1684 1314 1750 VI
1337 1685 1464 1768 (1889),
1572 1699 1575 1704 ’

189 1811 223 1874 p.
248 1793 290 1854 99
318 1789 499 1872 (Dittenh.²
524 1809 572 1856 nr.
591 1789 668 1873 588)
696 1791 717 1856 l.
743 1792 795 1872 89,
827 1791 879 1867 95,
908 1790 962 1872 97,
995 1792 1068 1872 118,
1099 1790 1172 1873 193,
1199 1790 1279 1870 188,
1314 1790 1370 1856 ubi
1397 1789 1464 1856 iru-

191 1898 297 1964 stulae
319 1916 437 1964 aureae
454 1903 487 1963 et
502 1901 676 1980 argenteae
690 1917 798 1964 rerum
814 1898 1040 1981 pretiosarum,
1065 1914 1146 1979 quae
1168 1894 1291 1962 tractae
1307 1902 1341 1962 et
1355 1898 1464 1964 laesae

192 2010 296 2086 erant,
324 2010 477 2071 vocantur
500 2005 665 2088 ψήγματα
685 2009 806 2087 χρυσᾶ,
836 2003 975 2088 ἀργυρᾶ,
1007 2002 1136 2088 ἀργυρᾶ
1159 2003 1334 2087 έιιίχρυοα,
1358 2003 1465 2089 acap—
1589 2060 1591 2064 .

192 2133 288 2195 γυρο,
323 2111 539 2194 ιιαντοᾶαιιᾶ,
573 2112 611 2179 cf.
645 2112 728 2178 Bull.
757 2113 778 2178 l.
797 2132 823 2179 c.
852 2133 883 2195 p.
905 2114 977 2177 134.
1029 2113 1124 2193 Apud
1158 2113 1302 2194 reliquas
1337 2132 1465 2196 qnoque

193 2220 369 2301 scriptores
394 2225 514 2303 ψήγμα
538 2223 608 2287 auri
631 2227 812 2288 ramentum
836 2226 896 2304 est,
920 2221 1010 2288 uelut
1033 2220 1187 2293 Eubulus,
1213 2239 1283 2286 cum
1307 2220 1409 2304 fingat
1432 2222 1464 2287 in

191 2327 347 2410 Hymetto
363 2346 494 2392 arenam
510 2346 642 2394 auream
658 2334 762 2394 ortam
780 2347 861 2409 esse,
879 2331 957 2396 dicit
971 2329 1031 2412 frg.
1047 2331 1090 2394 90
1114 2328 1218 2411 (Koch
1233 2329 1273 2395 Π.
1291 2331 1364 2410 179,
1389 2329 1476 2399 Mei..

192 2433 250 2500 ΙΠ.
268 2437 347 2514 915)
373 2433 421 2514 ὡς
441 2435 691 2517 χρυσοτειίκτου
714 2437 896 2519 ψήγματος
917 2437 1122 2521 πεφηνότος.
1159 2436 1271 2519 Neque
1295 2435 1392 2501 aliter
1415 2456 1466 2502 re-

194 2543 355 2610 centiores
370 2561 448 2608 vace
464 2543 515 2608 usi
536 2548 612 2609 sunt
633 2543 709 2609 Luc.
727 2543 811 2610 Gall.
831 2547 881 2623 16,
906 2544 991 2610 Plut.
1009 2545 1099 2610 Dem.
1117 2546 1153 2618 4,
1177 2544 1309 2609 Diodor.
1328 2545 1358 2607 9.
1377 2544 1428 2607 50.
1448 2546 1463 2606 1

194 2671 281 2734 saep.
330 2652 412 2717 Huic
436 2652 573 2734 denique
596 2654 668 2717 usui
692 2652 857 2717 addendus
881 2657 932 2717 est
955 2653 1044 2718 locus
1065 2650 1270 2733 Aeschylens,
1296 2670 1370 2716 nam
1396 2669 1467 2717 cum

195 2760 353 2843 reliquiae
375 2759 506 2824 heroum
528 2777 599 2823 cum
614 2759 766 2824 thesaura
783 2760 854 2824 anri
872 2764 1107 2840 comparentur,
1133 2759 1230 2824 etiam
1247 2776 1324 2824 voce
1345 2762 1467 2841 ψήγμα

196 2866 402 2933 nullomodo
427 2865 602 2957 quodlibet,
627 2865 683 2931 sed
707 2867 791 2931 auri
814 2872 994 2933 ramentum
1018 2866 1190 2932 iudicatur.

304 2977 435 3056 ψῆγμα,
465 2972 551 3053 quad
574 2991 593 3037 a
617 2974 729 3054 quovis
752 2974 881 3040 homine
905 2974 1029 3042 Graeco
1053 2972 1185 3039 formari
1209 2978 1350 3055 poterat,
1382 2975 1467 3055 apud

194 3082 311 3147 Ioues
335 3080 530 3161 peculiarem
554 3080 644 3147 aurei
665 3082 801 3147 ramenti
818 3098 946 3147 sensum
963 3081 1097 3163 accepit,
1123 3081 1237 3163 quibus
1254 3087 1342 3148 certe
1358 3082 1468 3162 genai-

147 3178 151 3187 ’
196 3208 272 3254 uum
309 3186 525 3270 significatum
559 3207 623 3254 uon
657 3188 803 3271 ignotum
838 3186 938 3254 fuisse
970 3188 1237 3272 philosophorum
1274 3188 1468 3253 testimoniis

194 3315 294 3378 supra
325 3295 433 3361 allatis
458 3295 692 3377 comprabatur.
735 3295 828 3361 Hunc
851 3295 952 3377 igitur
974 3314 1068 3361 usum
1091 3295 1287 3379 peculiarem
1310 3315 1374 3361 una
1398 3314 1469 3360 cum

195 3423 231 3470 re
266 3403 390 3486 recepit
412 3402 556 3468 Eubulus
590 3403 852 3486 recentioresque
882 3402 1066 3484 scriptores,
1104 3423 1215 3469 verum
1249 3405 1346 3470 etiam
1382 3404 1469 3485 apud

197 3511 391 3593 Aeschylum
418 3530 479 3576 vax
502 3509 611 3576 Ionica
640 3511 784 3593 putanda
815 3515 873 3587 est,
905 3528 974 3575 curn
1003 3512 1031 3575 is
1059 3510 1328 3593 significationem
1358 3529 1469 3577 secun-

196 3619 322 3684 dariam
347 3618 507 3700 recipieus
532 3636 602 3683 anm
622 3618 788 3683 Herodoto
811 3617 908 3699 plane
932 3618 1122 3685 consentiat.

688 3801 980 3878 ΑΜΦΙΔΕΞΙΟΣ.

303 3938 560 4023 Aesch.irg.240
573 3945 664 4006 metr.
678 3939 738 4005 inc.
753 3939 973 4023 exHesychio:
994 3936 1256 4021 ᾶμφιᾶεξίοις
1268 3941 1364 4022 χερσί
1370 3959 1377 3975 ·
1395 3944 1471 4020 ταῖς

197 4050 268 4113 τῶν
283 4046 436 4129 τοξοτῶν
452 4043 507 4110 διὰ
522 4045 562 4111 τὸ
579 4045 741 4128 ἑκατέραν
757 4049 856 4128 χεῖρα
873 4045 1019 4129 ἐνεργεῖν
1036 4045 1137 4129 ἐντῷ
1153 4044 1309 4126 τοξεύειν.
1348 4044 1471 4127 Αῖαχύ-

198 4152 258 4235 λος
285 4151 441 4237 Τηλέφῳ.
486 4154 548 4236 frg.
571 4158 644 4219 966.
669 4158 687 4218 9
712 4154 798 4221 trim.
829 4155 916 4237 apud
947 4152 1035 4220 Stoa.
1059 4154 1143 4219 Flar.
1166 4155 1274 4219 libi
1310 4150 1470 4232 καὶτοὺς

197 4260 372 4342 ήανόντας
388 4263 416 4327 εί
431 4258 546 4343 balaa
561 4259 744 4343 εὐεργετεῖν
765 4260 770 4344 Ι
791 4260 852 4327 εἴτ’
870 4258 932 4325 οὖν
947 4265 1148 4342 κακουργεῖν
1161 4256 1367 4343 ἀμφιδεξίως
1384 4257 1467 4347 iperi

199 4370 249 4451 τῷ
272 4370 358 4451 μήτε
378 4370 507 4452 χαίρειν
528 4368 615 4450 μήτε
637 4365 823 4434 λνιιεῖσήαι
847 4363 1004 4451 φᾶιτούς.
1039 4367 1099 4434 Illo
1116 4367 1186 4433 laco
1203 4386 1298 4433 sensu
1313 4367 1467 4449 primaria

199 4496 261 4544 von
288 4477 419 4559 panitur
446 4495 506 4558 pra
541 4475 791 4558 „ambidexter“,
820 4476 873 4541 hic
901 4494 959 4542 sen
986 4476 1064 4542 trite
1088 4494 1146 4542 seu
1168 4474 1470 4557 metaphoricepra

202 4603 351 4669 „anceps
374 4603 435 4667 par
457 4585 491 4651 in
513 4588 683 4667 utramque
699 4586 857 4667 partem“.
893 4584 975 4651 Item
991 4602 1053 4650 vax
1069 4584 1155 4668 apud
1169 4583 1312 4667 reliquos
1327 4582 1470 4666 tragicos
