3475 5250
831 319 1050 385 ..23-

306 493 372 579 ἔχει
396 493 414 561 ὁ
431 494 582 578 Νεῖλος.
600 545 608 562 .
629 545 636 562 .
661 495 761 564 Simil.
778 497 836 564 HL
856 499 908 576 51,
932 502 974 564 77
991 498 1051 580 bis,
1069 499 1138 567 VII.
1159 499 1222 564 195
1238 498 1456 586 (ε’ξιστορέω).
1486 502 1584 585 Apud

305 603 448 686 reliquos
464 604 589 671 Ionicos
607 605 781 687 scriptores
798 607 878 673 haec
894 608 1080 674 testimonia
1096 611 1222 673 extant:
1244 609 1421 676 Democrit.
1439 609 1500 693 irg.
1519 614 1582 675 199

305 719 489 794 suspectum
503 712 624 778 Dielsio
638 713 836 796 ἱστορέων
853 713 896 779 τὰ
910 716 1066 798 μήκιστα.
1091 716 1243 798 Hippocr.
1258 737 1400 800 παραγ).
1414 719 1466 802 13,
1484 718 1583 784 LIX.

307 821 371 884 270
395 821 446 899 τίς
468 817 531 902 γὰρ
555 817 719 903 ἐπιθυμεῖ
732 819 913 903 δογμάτων
936 821 1158 906 πολεσχιὸίην
1182 822 1353 906 ἀτρεκέως
1375 826 1585 908 ἱστορέειν

306 927 348 1014 (ν.
372 927 393 992 l.
419 928 598 1012 ἱστορίειν).
634 929 710 996 ibid.
730 932 759 1013 2,
784 950 816 1012 p.
836 932 901 996 254
917 933 997 1011 παρ’
1015 929 1180 996 ίάιωτέων
1203 931 1417 1013 ἱστορέειν.
1454 933 1533 999 ibid.
1551 935 1585 1011 8,

306 1056 338 1119 p.
357 1037 420 1101 262
446 1037 661 1118 ἱστορῆσαι
683 1035 726 1101 τὰ
749 1037 827 1120 περί
850 1037 911 1103 τὸν
934 1038 1115 1118 νοσέοντα,·
1138 1043 1170 1104 et
1193 1042 1244 1104 ter
1267 1039 1301 1104 in
1318 1040 1479 1121 epistulis.
1505 1042 1584 1106 item

307 1143 457 1228 [Herod]
480 1144 513 1208 in
538 1145 606 1210 rita
628 1143 721 1210 Hom.
742 1149 770 1230 1,
796 1148 825 1224 6,
851 1150 881 1226 7,
907 1147 959 1209 21.

413 1251 516 1318 Sensu
539 1252 635 1334 plane
670 1253 796 1318 diverso
822 1253 966 1335 ἱστορέω
989 1252 1075 1334 apud
1096 1251 1330 1334 Hippocratem
1359 1258 1411 1320 ter
1434 1255 1584 1337 legimus.

306 1382 342 1427 π.
366 1377 460 1426 νοοσ.
486 1355 516 1424 d'
538 1360 596 1437 48,
631 1359 667 1424 L.
691 1358 763 1425 VII.
786 1362 850 1425 578
875 1360 931 1425 καί
966 1362 1074 1424 ταῦτα
1108 1364 1243 1441 τριτσῖα
1279 1359 1381 1425 ἐόντα
1404 1362 1586 1444 ἱστορέει

307 1465 505 1549 ἀλλήλοισιν
528 1463 581 1531 ὅτι
604 1464 716 1548 οὕτως
739 1465 814 1550 ἔχει.
851 1473 906 1548 „et
928 1467 1009 1534 haec
1032 1468 1140 1532 tridua
1163 1468 1250 1532 inter
1270 1487 1305 1533 se
1328 1469 1502 1549 probant
1540 1470 1586 1535 sic

307 1594 342 1639 se
376 1575 529 1640 haberc“.
589 1574 953 1657 cf.Hesych.iocope1·
989 1580 1157 1657 μαρτυρεῖ
1188 1573 1260 1642 κτλ.
1306 1597 1341 1641 π.
1378 1574 1472 1642 παιὸ.
1504 1577 1584 1660 σιτία.

310 1684 365 1763 18,
401 1682 437 1747 L.
462 1681 531 1747 VIL
558 1683 622 1747 504
659 1681 896 1764 ἱστορέουσι
930 1682 992 1764 γάρ
1028 1683 1062 1746 αἱ
1097 1679 1292 1764 ἀμβλώσιες
1329 1687 1400 1749 τῶν
1437 1681 1586 1748 παιδίων

308 1790 364 1854 καί
402 1792 473 1854 τῶν
511 1786 637 1872 λοχίων
676 1790 711 1854 αἱ
749 1787 945 1872 καθάρσιες.
1004 1790 1155 1854 Fortasse
1200 1790 1284 1854 idem
1328 1808 1441 1856 sensus
1486 1791 1585 1856 verbo

307 1897 393 1964 inest
408 1898 478 1963 loco
496 1896 632 1962 obscuro
649 1916 791 1979 παραγ).
813 1899 862 1978 12,
888 1897 923 1962 L.
941 1897 996 1961 IX.
1014 1897 1078 1961 268
1095 1894 1309 1978 ἀπαρνέομαι
1323 1895 1386 1977 γὰρ
1403 1898 1452 1978 εἱς
1464 1902 1586 1980 χρῆσιν

309 2002 427 2085 ἑτέρην
463 2001 669 2087 φιλοπονίην
701 2003 788 2085 μετὰ
821 2004 933 2070 πόνον
962 2003 1298 2084 ἱστοριευμένην,
1339 2002 1391 2068 oet
1427 2005 1465 2070 ἐν
1503 2005 1587 2071 iono-

309 2113 350 2192 τῇ
385 2110 496 2193 μούνη
531 2109 661 2192 αἵρεσιν
683 2110 809 2175 ἐοῦσαν
831 2111 952 2196 (Littre
975 2109 1132 2192 ἔχουσαν)
1155 2110 1348 2191 χαρίεσσαν.
1394 2112 1456 2178 His
1479 2113 1587 2179 tribus

309 2217 349 2282 de
372 2216 460 2297 locis,
484 2216 644 2299 imprimis
668 2219 707 2284 de
731 2218 844 2283 ultimo
868 2217 909 2284 ci.
933 2216 1028 2297 inira,
1052 2217 1107 2283 ubi
1123 2218 1163 2283 dc
1179 2235 1257 2283 voce
1273 2216 1424 2299 ἱστόριον
1448 2221 1586 2302 agimus.
1717 2270 1718 2273 ,

412 2323 580 2389 Accedunt
603 2325 665 2390 duo
689 2325 886 2405 testimonia,
917 2343 1000 2407 quae
1025 2324 1156 2388 verbum
1180 2325 1279 2389 etiam
1302 2325 1417 2391 Doridi
1442 2327 1584 2392 dialecto

253 2519 256 2526 ι
309 2430 473 2498 vindicare
496 2431 658 2498 videntur.
698 2431 877 2497 Obscurum
894 2437 945 2497 est
967 2429 1152 2511 Epicharmi
1175 2429 1288 2510 fragm.
1307 2432 1350 2495 86
1375 2431 1522 2514 (Kaibel)
1546 2452 1586 2497 ex

305 2539 465 2622 Hesychio
500 2540 665 2605 haustum:
717 2538 863 2621 Φρύγιον
898 2538 1131 2619 ἱστόρησαν·
1175 2537 1339 2619 πέπαιχεν
1379 2536 1587 2621 Ἐπίχαρμος

308 2648 343 2713 έν
379 2645 589 2729 Κωμασταῖς
623 2647 882 2729 έπικενώμενος.
942 2648 979 2710 16
1013 2645 1224 2726 Phrygiorum
1259 2664 1374 2711 nomen
1411 2650 1586 2714 ostendere

307 2756 434 2822 videtur
468 2755 675 2836 proverbium
715 2774 754 2819 en
793 2755 918 2820 oriente
954 2752 1109 2818 Graeciae
1144 2757 1239 2833 parte
1270 2754 1465 2819 translatum
1503 2774 1587 2821 esse.

308 2862 403 2927 Certe
433 2862 641 2944 incorruptae
677 2862 805 2928 Doridis
841 2860 1060 2927 testimonium
1094 2858 1174 2923 haec
1198 2859 1296 2923 rerba
1324 2878 1388 2925 non
1416 2861 1587 2942 praebent.

307 2971 418 3052 Aeque
441 2988 494 3035 res
518 2987 554 3034 se
577 2968 676 3034 habet
697 2969 732 3033 in
755 2968 878 3034 lamina
900 2967 1050 3049 plumbea
1066 2966 1220 3032 Dodonae
1243 2973 1385 3047 reperta,
1410 2986 1495 3049 quae
1519 2975 1588 3035 tres

308 3078 534 3159 inscriptiones
550 3076 695 3159 praebet,
714 3074 789 3140 c-B.
814 3075 856 3139 II.
876 3077 958 3139 1561
974 3070 1082 3138 A-O.
1122 3073 1230 3139 Media
1246 3072 1325 3139 haec
1342 3079 1406 3139 est:
1431 3074 1592 3158 ἱστορεῖ

307 3183 570 3267 Νικοκράτ[εια]
592 3184 657 3246 τίνι
680 3179 775 3246 θεῶν
797 3178 936 3245 θύσασα
959 3177 1065 3243 λώϊον
1088 3179 1145 3243 καὶ
1176 3175 1315 3260 ἄμεινον
1349 3180 1499 3262 πράσσοι
1533 3183 1591 3246 καί

309 3296 372 3372 τᾶς
394 3290 499 3357 νόσον
522 3288 730 3375 παύσα(ι)το.
785 3289 837 3354 De
861 3292 970 3353 aetate
993 3285 1213 3366 inscriptionis
1245 3286 1325 3351 nihil
1353 3292 1491 3353 constat.
1540 3288 1590 3353 Ne

308 3398 361 3465 hie
385 3398 513 3481 quidem
538 3396 653 3462 titulus
676 3396 828 3461 Doricam
852 3394 1024 3460 dialectum
1048 3393 1270 3472 incorruptam
1293 3395 1437 3473 praebet
1489 3395 1591 3461 Tituli

310 3507 390 3571 satis
425 3509 572 3572 recentes
607 3504 758 3569 videntur
793 3520 879 3579 esse,
919 3505 955 3565 ut
987 3499 1162 3566 uerisimile
1195 3499 1240 3564 sit
1274 3499 1418 3581 ἱστορέω
1454 3503 1590 3568 verbum

309 3613 436 3678 illatum
460 3630 531 3678 esse
556 3630 595 3677 cx
617 3612 729 3693 lingua
752 3608 910 3676 communi
934 3610 982 3691 (ut
1004 3603 1123 3686 ὁέλτος
1143 3606 1176 3670 in
1194 3611 1389 3672 testamento
1406 3607 1591 3694 Epictetae‚

310 3740 340 3803 p.
358 3722 422 3804 14),
447 3720 504 3786 nbi
527 3720 658 3785 verbum
682 3716 977 3800 frequentissimum
999 3713 1099 3778 fuisse
1121 3711 1312 3779 ridebimus.

417 3829 512 3911 Apud
535 3827 702 3909 tragicos
725 3831 861 3906 poetas
886 3821 1029 3902 ἱστορέω
1051 3818 1203 3900 frequens
1226 3826 1277 3884 est
1301 3823 1335 3885 et
1355 3820 1478 3903 ubique
1494 3842 1595 3891 sensu

310 3937 496 4003 Herodotco
520 3937 711 4015 usurpatum
735 3932 855 4012 iegitur
879 3934 986 3993 autem
1009 3927 1043 3991 in
1067 3925 1134 3990 solo
1151 3925 1310 3991 diverbio:
1334 3927 1451 3993 Aesch.
1499 3930 1592 3996 Pera.

311 4049 377 4111 454
393 4044 487 4131 (452)
522 4044 638 4121 κακῶς
672 4036 711 4103 τὸ
745 4035 874 4119 μέλλον
908 4036 1094 4114 ἱστορῶν.
1152 4030 1240 4112 Sept.
1266 4034 1331 4098 506
1354 4032 1448 4118 (489)
1473 4032 1596 4102 θέλων

312 4150 573 4234 ἐξιστορῆσαι
595 4150 731 4229 μοῖραν.
782 4144 889 4208 Prom.
904 4143 967 4208 639
985 4137 1087 4224 (631).
1120 4137 1183 4219 την
1198 4136 1302 4221 τήσὸε
1316 4143 1458 4222 πρῶτον
1483 4143 1595 4208 ἱστο-

313 4259 493 4340 ρήσομεν
517 4253 631 4319 νόσον.
690 4252 795 4316 Prom.
812 4251 876 4314 963
900 4246 991 4334 (969)
1016 4264 1086 4311 cum
1120 4252 1258 4312 accusat.
1295 4264 1380 4328 pers.
1430 4246 1482 4313 ὥν
1507 4250 1595 4315 ἀνι-

314 4368 475 4446 στορεῖς
513 4361 581 4444 έμέ.
639 4352 698 4442 Ag.
723 4360 787 4423 676
816 4355 908 4442 (654)
944 4352 1038 4433 ἀκτὶς
1071 4338 1170 4435 ήλίοα
1193 4373 1246 4417 νιν
1277 4354 1437 4436 ἱστορεῖ
1470 4354 1597 4442 (Mene-

313 4469 413 4549 laum)
436 4470 518 4554 (καί
542 4467 654 4549 ζῶντα
677 4466 733 4530 nal
755 4461 938 4547 βλέποντα.
974 4458 1114 4542 Ohoeph.
1133 4461 1196 4524 678
1213 4456 1305 4545 (659)
1321 4458 1597 4545 ἐξιστορήσας

314 4576 371 4641 καί
394 4575 587 4658 σαφηνίσας
611 4570 704 4637 ὁδόν.
752 4568 848 4653 Soph.
874 4568 923 4634 m.
941 4568 1005 4632 316
1030 4565 1078 4647 ὡς
1100 4569 1163 4631 νῦν
1187 4564 1338 4649 ἀπόντος
1361 4568 1539 4653 ἱστόρει,
1565 4572 1599 4636 τί
