3475 5250
715 338 937 404 ..53-

695 567 955 639 uhuorum

296 703 436 788 Ohoeph.
473 709 535 770 471
574 707 667 789 (458)
705 706 790 773 chor.
817 705 979 796 Ιάώμασιν
1015 705 1193 789 ἔμμοτον
1227 708 1328 775 τῶνδ’
1370 709 1462 792 άκος.

187 813 287 880 schol.
312 812 454 878 ἔναυλον
477 812 498 896 ἣ
522 812 731 897 βαάάτοτον.
768 815 886 880 Locum
902 815 1072 882 obscurum
1089 816 1209 897 optime
1228 817 1462 900 interpretatus

189 925 240 986 est
263 921 303 986 de
327 921 538 986 Wilamowitz
562 923 594 986 in
619 923 857 1004 commentari0‚
893 943 924 1004 p.
942 925 1007 988 202
1019 941 1078 1005 sq.,
1102 923 1191 990 cuins
1216 925 1464 1006 explicationem

187 1027 241 1092 hic
275 1028 462 1110 repetimus,
496 1034 533 1094 ut
568 1036 789 1113 cognoscatur,
824 1049 926 1113 qnare
960 1050 1021 1098 vox
1054 1029 1463 1114 ἔμμοτος151511551555

188 1136 337 1217 ponenda
360 1136 412 1203 sit.

295 1244 430 1309 Praeter
453 1243 645 1328 Aeschylum
670 1244 819 1327 ἔμμοτος
842 1246 1041 1312 solummodo
1065 1247 1186 1342 legitur
1209 1247 1294 1329 apud
1318 1247 1463 1330 Hippo·

189 1355 339 1416 cratem
363 1353 568 1435 medicosque
591 1354 797 1419 recentiores.

295 1458 392 1541 Hipp.
409 1479 444 1528 π.
462 1458 563 1543 άράρ.
581 1458 654 1543 ἐμβ.
672 1463 725 1541 49,
755 1460 796 1526 II.
817 1462 890 1525 184.
911 1463 950 1524 19
974 1460 1054 1526 Klsv.
1091 1459 1172 1526 οὐδὲ
1194 1460 1318 1543 ἔμπυον
1340 1460 1464 1526 πολλοὶ

188 1568 338 1647 γίνονται
354 1565 434 1632 οὐδὲ
450 1566 592 1650 ἔμμοτον
608 1565 688 1632 crille
705 1566 977 1650 ἐπισφακελάσιες
992 1571 1063 1633 τῶν
1076 1566 1216 1633 ὀστέων.
1233 1570 1302 1636 sim.
1317 1569 1395 1635 ibid.
1410 1571 1462 1650 50,

192 1675 324 1739 18518
348 1675 440 1755 uin,
470 1672 557 1743 ἔπιὸ.
582 1673 609 1739 ε’
633 1677 685 1754 26,
709 1675 744 1740 L.
762 1677 800 1741 V.
820 1677 895 1738 224.
927 1672 1025 1757 μοχλ.
1043 1677 1096 1755 36,
1120 1674 1160 1740 11.
1180 1677 1291 1743 26118
1315 1676 1396 1743 Klw.
1420 1675 1464 1760 ἢν

189 1779 219 1844 δ’
246 1779 489 1865 ἀμφιφλασάῇ,
515 1785 681 1865 φυματίαι
704 1783 760 1848 καὶ
782 1781 976 1866 βληχώὸεες
998 1782 1055 1846 καὶ
1077 1781 1219 1864 ἔμμοτον
1241 1784 1298 1848 καὶ
1312 1781 1464 1866 πλευράς

189 1887 427 1971 ἔσφακέλισαν.
465 1890 534 1956 sim.
552 1889 612 1973 άφ.
631 1893 667 1957 V.
684 1894 738 1972 47,
754 1891 789 1955 L.
803 1891 857 1958 IV.
876 1891 951 1972 548,
975 1909 1011 1954 π.
1028 1911 1098 1972 γυν.
1113 1891 1192 1972 φάο.
1207 1893 1236 1971 6,
1254 1890 1373 1957 LVII
1387 1893 1462 1971 320,

189 2017 261 2077 yvv.
285 1994 317 2080 β’
334 1998 406 2078 134,
432 1997 466 2062 L.
484 1998 570 2064 VIII.
587 2000 662 2080 302,
687 2017 723 2063 π.
749 1997 814 2063 ἐντ.
838 1996 925 2065 nach.
945 1999 995 2078 15,
1020 1997 1055 2066 L.
1073 1997 1144 2064 VH.
1163 2001 1236 2063 204.
1268 1997 1307 2064 cf.
1323 1998 1461 2082 Hesych.

189 2102 352 2186 ἔμμοτος·
377 2107 589 2187 τραυματίας
612 2103 779 2187 νοσώὸης.

297 2211 344 2277 Ex
367 2213 602 2279 recentioribus
619 2214 760 2280 Galenus
782 2213 912 2279 exhibet
934 2216 1005 2278 τῶν
1022 2212 1183 2295 ἐμμότων
1199 2211 1464 2295 ὀνομαζομένων

191 2318 385 2401 φαρμάκων
408 2325 431 2386 t.
449 2320 537 2402 XIII,
554 2339 585 2402 p.
604 2322 669 2386 484
693 2321 800 2397 honr,
817 2323 887 2387 sim.
905 2321 959 2386 XI.
982 2322 1054 2402 125,
1071 2321 1157 2387 XIV.
1177 2322 1252 2386 280.
1283 2320 1372 2386 Η555
1388 2327 1463 2386 sunt

189 2426 423 2493 medicamenta
445 2427 588 2494 linteolis
612 2429 792 2510 concerptis
817 2433 952 2511 excepta
976 2427 1028 2513 (cf.
1046 2426 1273 2513 1155815511.)
1298 2445 1401 2510 „quoe
1426 2427 1463 2492 ἔν

188 2536 286 2615 μοτῷ
311 2538 416 2600 sunt“.

296 2642 496 2708 Peculiarem
518 2662 645 2710 sensum
662 2664 723 2710 vox
743 2646 828 2725 apud
844 2644 1076 2725 Hippocratem
1093 2644 1211 2725 adepta
1227 2648 1290 2709 est:
1315 2641 1463 2724 ἔμμοτος

189 2754 248 2825 551,
274 2751 327 2831 qni
350 2753 457 2832 μοτῷ,
483 2751 515 2815 id
540 2757 590 2817 est
612 2751 712 2817 linteo
737 2757 908 2833 concerpto
933 2755 1076 2832 sanatur,
1101 2752 1187 2833 quod
1210 2750 1398 2832 plerumque
1414 2748 1460 2830 lit,

189 2857 217 2920 si
236 2858 352 2923 vrrlnus
376 2856 507 2939 ἔμπυον
531 2862 591 2935 551,
614 2864 651 2922 ut
674 2859 889 2941 periculosum
914 2858 1076 2924 iudicetur
1098 2858 1212 2923 vulnus
1229 2856 1369 2923 exterius
1387 2875 1460 2921 con·

189 2965 277 3029 trahi
302 2970 335 3029 51
359 2966 474 3046 claudi,
500 2966 574 3030 dnm
596 2968 686 3029 πῦον
710 2966 796 3031 intus
813 2970 989 3032 remaneat.
1026 2966 1105 3030 Tum
1121 2964 1334 3031 inferciuntur
1349 2965 1459 3045 lintea,

190 3077 228 3137 ut
261 3073 375 3138 vulnus
411 3092 451 3138 ex
484 3072 584 3139 fundo
619 3079 760 3140 sanetur.
808 3073 860 3139 Ita
883 3093 944 3139 vox
972 3071 1121 3156 ἔμμοτος
1143 3074 1307 3139 notionem
1331 3070 1463 3154 ἔμπυος

190 3181 326 3262 accepit,
362 3182 437 3264 quia
462 3180 593 3263 ἔμπυον
617 3180 716 3264 ἔλκος
738 3182 834 3249 simul
858 3180 1007 3263 ἔμμοτον
1031 3187 1089 3248 551.
1138 3182 1243 3247 Testis
1266 3181 1361 3246 huius
1384 3197 1461 3245 usus

189 3290 406 3370 Hippocrates
422 3288 482 3354 155.
499 3307 609 3356 comm.
628 3296 688 3356 est.
723 3291 843 3355 Eadem
860 3290 987 3355 ratione
1003 3290 1089 3371 apud
1105 3289 1296 3371 Aeschylum
1313 3285 1462 3370 ἔμμοτον

192 3395 349 3477 usogast
376 3398 460 3462 15115
484 3398 629 3476 sanandi,
666 3416 761 3479 quam
785 3415 883 3479 supra
907 3396 1072 3478 descripsi,
1109 3394 1147 3460 cf.
1173 3396 1211 3461 de
1235 3394 1461 3460 Wilamowitz:

191 3504 249 3569 das
266 3491 349 3570 Ilbel
373 3502 456 3569 muls
480 3504 713 3585 herauseitern‚
738 3505 822 3569 unde
846 3503 961 3568 vulnus
978 3521 1060 3583 sero,
1086 3503 1144 3567 sed
1160 3501 1304 3567 funditus
1320 3506 1461 3567 sanetur.

190 3612 279 3676 Haec
313 3612 400 3677 vocis
435 3609 586 3693 ἔμμοτος
619 3610 811 3693 significatio
836 3610 992 3693 Aeschylo
1017 3615 1050 3674 et
1073 3610 1264 3692 Hippocrati
1288 3610 1462 3675 communis

191 3719 277 3800 apud
312 3737 366 3784 eos
401 3724 473 3784 orta
509 3724 571 3800 est,
607 3719 661 3801 qui
697 3737 822 3784 omnem
853 3718 1049 3783 medicorum
1078 3723 1181 3784 artem
1209 3718 1350 3799 itemque
1379 3716 1462 3780 hanc

192 3826 327 3892 sanandi
364 3826 522 3893 rationem
556 3827 757 3900 invenerunt,
795 3825 827 3890 id
856 3829 906 3891 est
940 3824 1025 3905 apud
1048 3824 1156 3903 Iones3
1193 3842 1267 3890 nam
1290 3843 1398 3890 vocem
1422 3823 1462 3887 ad

192 3928 444 3999 uetustissimam
481 3939 621 4000 aetatem
655 3933 786 4000 Ionibus
822 3936 855 3999 et
883 3932 1000 3998 Atticis
1035 3951 1232 3998 communem
1255 3932 1407 3998 recedere
1431 3934 1464 3995 et

193 4042 320 4123 priscae
345 4042 470 4107 Atthidi
494 4041 697 4108 tribuendam
721 4058 792 4107 esse
814 4040 867 4105 rix
890 4040 1060 4123 qnisquam
1084 4040 1203 4107 credat.

666 4243 994 4312 ΕΠΑΡΓΕΜΟΣ.

299 4384 404 4449 Prom.
429 4384 492 4446 499
519 4380 718 4467 (50])15151.
765 4382 821 4446 καὶ
846 4379 1014 4465 φλογωπὰ
1039 4381 1173 4463 σήματα
1198 4379 1202 4462 l
1231 4378 1464 4461 ἐξωμμάτωσα

194 4488 349 4573 πρόσθεν
373 4486 446 4553 ὄντ’
473 4489 691 4572 ἐπάργεμα.
746 4496 799 4572 ,51
822 4491 916 4573 signa
938 4489 1045 4556 lucida
1069 4487 1225 4571 explicavi
1250 4492 1347 4553 antea
1370 4504 1465 4552 caece

196 4601 254 4683 (=
269 4596 448 4685 obscura)“.
485 4597 583 4664 schol.
607 4595 721 4681 τυφλά
738 4650 746 4666 .
765 4654 771 4667 .
790 4648 797 4665 .
819 4598 993 4681 ἐπάργεμα
1016 4595 1055 4662 δὲ
1076 4597 1203 4680 κυρίως
1225 4594 1268 4661 τά
1290 4592 1465 4680 canopo-
