3475 5250
711 325 1028 388 --es-

277 504 523 572 consuetudinis
558 503 653 570 testis
685 502 814 570 videtur
849 521 931 582 esse,
968 501 1173 586 quantumvis
1208 499 1338 568 differat
1375 502 1561 569 edictione

276 619 455 681 oratorum.

386 722 578 804 Priusquam
594 720 699 803 ipsam
712 739 780 786 rem
794 719 1010 801 aggredimur,
1026 718 1241 786 nominandus
1254 724 1305 784 est
1317 719 1366 785 W.
1385 718 1563 801 Schulze,

276 829 332 912 qui
356 829 395 895 de
411 829 519 911 prisca
535 826 663 893 Atthidi
679 847 783 911 nuper
799 827 952 894 iudicium
968 825 1046 893 iecit
1062 827 1297 910 gravissimum,
1322 845 1392 893 cum
1408 826 1564 892 Kretsch·

278 936 358 1001 meri
385 934 501 1000 librum
539 936 579 1001 de
609 936 716 1017 operis
741 934 850 1001 fictilis
874 935 1141 1017 inscriptionibus
1164 935 1382 1017 conscriptum
1406 940 1567 1001 tractaret

278 1043 365 1109 Gdtt.
384 1043 447 1125 gol.
466 1044 541 1109 Anz.
564 1045 660 1118 1896,
684 1063 714 1125 p.
735 1044 875 1127 228sqq.
900 1041 1063 1125 Imprimis
1084 1060 1167 1125 quae
1183 1061 1215 1124 p.
1234 1045 1292 1106 251
1305 1061 1354 1126 sq.
1372 1042 1562 1124 disputavit,

280 1151 312 1215 in
338 1151 563 1233 quaestionem
593 1158 738 1218 nostram
763 1150 896 1216 cadunt:
923 1152 975 1217 die
999 1151 1138 1216 attisohe
1168 1149 1425 1234 polersprachc
1449 1201 1457 1217 .
1482 1200 1490 1215 .
1514 1169 1567 1216 re·

278 1260 481 1340 prdsentiert
514 1257 567 1324 ihr
601 1277 662 1325 uns
697 1259 770 1326 eine
794 1258 884 1325 nicht
917 1258 1149 1324 unwescntlich
1173 1257 1449 1325 alterthmlichere
1473 1257 1566 1324 Stuie

278 1366 336 1432 der
359 1366 586 1449 Entwicklung
621 1368 670 1432 als
706 1368 763 1433 das
787 1366 935 1433 Attische
970 1366 1029 1432 der
1063 1365 1263 1433 klassischen
1299 1366 1465 1432 Literatur
1498 1365 1567 1431 und

278 1472 369 1540 steht
399 1473 472 1543 dem
495 1473 680 1555 Jcnischcn,
717 1474 774 1540 das
811 1473 981 1540 denselhen
1006 1472 1136 1538 Worzel
1172 1478 1393 1556 entsprossen,
1430 1472 1565 1539 deshalh

284 1581 367 1647 noch
402 1601 456 1648 um
491 1583 583 1649 einen
620 1581 744 1648 Schritt
779 1581 891 1648 adher.
938 1581 1035 1663 Legit
1063 1583 1147 1646 enim
1183 1583 1215 1646 in
1248 1581 1334 1648 vasis
1358 1581 1477 1647 Atticis
1511 1598 1567 1645 coa
1644 1668 1647 1672 ¹

281 1709 341 1772 pro
382 1691 453 1771 σοί,
488 1687 575 1772 μετά
613 1709 672 1772 pro
708 1687 796 1770 elna,
837 1688 963 1771 adpro,
1006 1688 1167 1771 πέσωμα,
1209 1707 1289 1771 quas
1325 1707 1419 1755 voces
1455 1688 1563 1754 adhuc

282 1815 345 1863 non
371 1805 453 1880 erat,
489 1797 566 1880 quin
590 1797 717 1863 Ionicae
752 1802 893 1879 putaret.
952 1795 1057 1862 Huius
1092 1796 1153 1861 viri
1188 1796 1275 1863 docti
1310 1796 1474 1862 sententia
1507 1815 1570 1878 per

285 1923 320 1971 se
355 1905 444 1970 dubii
480 1904 606 1987 plena¹>
642 1923 661 1969 a
697 1904 791 1971 nobis
827 1904 915 1970 omni
949 1905 1044 1970 modo
1079 1902 1233 1970 fulcietur
1261 1905 1375 1971 eodem
1399 1905 1493 1971 modo
1517 1909 1570 1969 at-

281 2031 344 2094 que
367 2013 424 2078 illa
447 2019 580 2078 nostrae
604 2012 785 2096 quaestioni
810 2011 1020 2078 fundamento
1045 2016 1106 2092 est,
1141 2016 1178 2076 ut
1201 2029 1368 2094 speremus
1392 2012 1473 2077 certi
1508 2010 1569 2076 ali-

280 2121 359 2202 quid
382 2125 493 2186 nostra
518 2120 709 2203 quaestione
745 2121 846 2186 statui
870 2138 976 2202 posse,
1013 2119 1185 2186 dummodo
1221 2121 1392 2186 materiam
1416 2126 1450 2186 et
1472 2119 1569 2203 quasi

280 2227 498 2310 investigandi
521 2227 757 2310 supellectilem
781 2235 814 2293 et
838 2229 981 2311 undique
1005 2233 1040 2293 et
1063 2213 1306 2293 accuratissime
1330 2229 1570 2311 conquiramus.

280 2334 398 2401 Utrum
422 2342 531 2402 autem
547 2336 646 2401 verbe
669 2337 777 2417 prisca
794 2337 904 2401 Attica
920 2354 1034 2403 revera
1057 2336 1090 2400 in
1108 2337 1278 2416 tragoedia
1294 2334 1416 2401 fuerint
1431 2336 1571 2401 Attica

281 2462 322 2509 an
347 2463 386 2510 ex
409 2443 528 2510 veteris
553 2462 690 2526 poeseos
725 2443 898 2509 verborum
920 2443 1076 2510 thesauro
1107 2462 1127 2507 a
1150 2444 1284 2526 tragicis
1308 2445 1415 2527 poetis
1450 2444 1569 2510 hausta

281 2552 356 2633 sint,
394 2550 476 2617 hanc
501 2552 724 2635 quaestionem
759 2550 855 2635 plane
886 2553 1017 2618 missam
1041 2549 1185 2634 fecimus,
1222 2551 1300 2635 quia
1323 2570 1363 2617 ea
1386 2569 1445 2618 nec
1469 2551 1569 2617 dubia

283 2663 333 2725 est
357 2664 390 2725 et
414 2659 543 2743 siquid
567 2659 666 2727 habet
691 2660 790 2743 dubii,
815 2680 879 2727 non
902 2661 1098 2727 necessaria.

839 2927 1004 2996 ΠΑΓΟΣ.

389 3107 521 3174 Initium
538 3108 703 3191 capiamus
728 3128 746 3173 a
771 3128 847 3176 voce
872 3109 982 3190 πάγος
1007 3128 1129 3190 ,mona
1155 3107 1279 3190 collis“‚
1305 3108 1396 3173 cuius
1413 3107 1572 3172 memoria

283 3215 413 3282 minime
438 3217 599 3298 ambigua,
636 3216 749 3282 sedin
775 3217 862 3282 omni
897 3222 990 3299 parte
1015 3217 1157 3282 dilucida
1185 3221 1246 3297 est,
1283 3215 1321 3283 ci.
1346 3213 1572 3280 Rutherdordii

283 3322 344 3389 hac
368 3324 408 3390 de
432 3342 509 3390 voce
533 3324 697 3405 iudicium,
721 3344 790 3390 new
814 3324 933 3408 Phryn.
958 3344 988 3407 p.
1019 3326 1068 3405 12,
1093 3325 1204 3389 adnot.
1229 3325 1259 3389 3.

390 3432 428 3497 In
451 3431 585 3497 Homeri
609 3432 748 3515 Odyssia
770 3432 909 3514 legimus
933 3434 1030 3498 ⁶405
1056 3430 1130 3497 ἀλλ’
1150 3429 1250 3497 ἀκοαὶ
1272 3428 1465 3514 προβλῆτες
1487 3427 1572 3495 ἔσαν

285 3537 450 3621 σπιλάδες
471 3559 509 3604 ca
532 3540 657 3623 πάγοι
680 3558 718 3605 τε
753 3542 832 3619 „sed
866 3558 966 3624 rupes
989 3540 1169 3606 eminentes
1207 3543 1301 3606 erant
1330 3543 1364 3603 et
1386 3537 1512 3621 scopuli
1535 3542 1571 3602 et

292 3650 402 3727 saxa“,
437 3648 515 3713 item
541 3670 557 3713 c
583 3651 646 3713 411
673 3648 798 3730 πάγοι
823 3647 914 3732 ὀξέες
938 3648 976 3715 ci.
994 3648 1133 3731 Hcsych.
1158 3666 1183 3713 s,
1201 3668 1229 3714 v.
1257 3646 1369 3729 πάγοι·
1395 3646 1430 3712 αἱ
1454 3643 1569 3729 ἐξοχαὶ

283 3756 355 3819 τῶν
379 3757 516 3837 πειρῶν
551 3757 609 3821 καὶ
631 3759 703 3821 τῶν
728 3756 832 3841 ὀρῶν.
879 3757 994 3840 Neque
1030 3757 1126 3823 aliter
1161 3756 1264 3822 sensit
1288 3754 1460 3834 Hesiodus,
1497 3769 1572 3819 cum

284 3862 407 3928 diceret
431 3868 511 3929 scut.
538 3866 603 3929 439
631 3864 762 3946 πάγος
785 3863 823 3930 dd
846 3864 879 3929 ol
900 3860 1131 3946 ἀντεβόλησεν
1153 3860 1293 3945 ὑψηλάς
1316 3861 1469 3940 „cadenti
1492 3879 1571 3926 saxo

285 3968 399 4035 obvius
433 3968 496 4036 init
520 3972 643 4037 collis“.
692 3972 798 4037 Etiam
823 3971 1038 4037 Archilochus
1061 3988 1169 4036 vocem
1194 3970 1296 4035 isdem
1321 3968 1389 4035 fere
1414 3968 1572 4052 epithetis

285 4084 433 4142 ornatam
468 4078 597 4145 induxit
619 4079 680 4162 lrg.
707 4082 795 4145 87.1
833 4076 971 4162 ὑψηλάς
994 4077 1122 4160 πάγος
1145 4076 1272 4161 τρηχύς
1301 4095 1339 4142 ιε
1367 4076 1425 4141 καὶ
1453 4073 1573 4157 παλίγ-

285 4203 398 4264 κοτος.
447 4184 526 4250 Turn
550 4187 711 4252 Pindarus
747 4188 929 4269 tragicique
958 4191 1075 4268 poetae
1109 4204 1182 4250 cam
1206 4185 1368 4265 exhibent,
1405 4184 1493 4249 velut
1515 4183 1573 4250 ille

285 4290 399 4357 collem
417 4291 585 4376 Olympiae
601 4301 713 4361 notum
737 4300 830 4361 vocat
855 4294 902 4359 Ol.
921 4293 961 4360 X.
979 4296 1021 4358 49
1045 4292 1176 4375 πάγος
1198 4290 1336 4376 Κρόνου
1360 4298 1394 4359 et
1417 4292 1574 4375 deplana

290 4583 292 4589 ,
403 4539 423 4606 ¹)
441 4539 539 4595 Nonne
560 4541 687 4610 „lonica“
718 4541 767 4596 illa
786 4541 869 4596 verba
888 4542 972 4597 simili
990 4544 1097 4599 ratione
1125 4546 1208 4614 atque
1228 4541 1332 4598 formae
1352 4541 1496 4597 verborum
1516 4538 1574 4593 Do-

284 4626 359 4680 ricae
378 4626 407 4681 in
426 4628 621 4700 inscriptiones
640 4648 768 4687 vasorum
786 4630 866 4686 illata
884 4630 969 4687 fuisse
989 4634 1122 4703 possunt?
