3475 5250
703 327 924 392 ..61-

170 508 266 574 doteo
302 525 449 573 sermone
487 506 680 590 Thucydidis
705 507 833 574 omnino
863 525 928 572 nou
963 506 1158 572 mentionem
1193 505 1326 591 laceret,
1363 509 1451 577 inter

168 615 306 696 Ionicos,
332 634 412 698 quas
429 615 566 696 uocauit,
591 633 686 681 uoces
704 615 746 680 43
764 613 988 698 Thucydideas
1011 615 1159 697 inseruit,
1184 635 1264 698 quos
1288 617 1346 683 illa
1363 624 1451 685 certe

170 723 400 790 dissertatione
425 741 488 788 non
513 723 740 805 comprobatur
764 723 892 789 Ionicas
916 741 999 789 esse.
1046 724 1095 788 De
1117 723 1318 806 Antiphonte
1341 733 1450 793 autem

170 831 303 914 eiusque
320 829 536 914 tetralogiis¹)
561 831 629 913 egit
644 830 678 898 F.
704 831 733 896 J.
752 831 976 898 Brueohner
999 832 1032 897 in
1056 838 1295 914 programmate
1311 833 1452 902 Bautae·

169 939 287 1020 nicusi,
313 941 409 1004 1887.
457 939 579 1004 Horum
616 939 759 1005 uirorum
785 943 818 1006 et
841 940 1044 1022 superiorum
1080 940 1196 1006 studiis
1231 942 1318 1008 docti
1342 961 1452 1010 sunaus

168 1045 243 1128 plus
267 1050 395 1112 centum
418 1063 513 1111 uoces
538 1045 571 1112 iu
595 1045 789 1129 Thucydidis
816 1046 910 1112 libris
941 1047 1016 1130 legi,
1052 1065 1133 1129 quas
1156 1047 1284 1131 reliqui,
1319 1049 1375 1130 qui
1397 1067 1451 1114 uo·

170 1158 295 1235 cantur,
332 1154 432 1220 Attici
468 1153 645 1236 scriptores
681 1159 753 1248 aut·
773 1155 903 1222 omnino
934 1174 998 1220 non
1023 1154 1200 1222 adhibeant
1233 1160 1291 1221 aut
1325 1157 1451 1222 diverso

169 1280 268 1327 sensu
302 1267 509 1344 usurpentur,
546 1281 617 1328 cum
653 1282 708 1330 aas
733 1281 844 1330 omnes
881 1263 994 1330 eodem
1026 1281 1124 1330 sensu
1147 1264 1323 1330 instructas
1358 1264 1452 1329 nobis

169 1367 286 1436 offerat
308 1369 504 1451 Herodotus,
530 1372 628 1436 etiam
653 1371 824 1437 nonnullas
840 1371 1078 1454 Hippocrates3
1103 1390 1186 1454 quae
1210 1390 1281 1438 oum
1305 1369 1354 1438 ita
1376 1371 1451 1451 sint,

167 1477 250 1542 illud
273 1477 410 1544 manime
427 1479 603 1546 cavendnm
628 1486 688 1560 est,
713 1499 754 1545 ne
771 1478 995 1561 imprudenter
1015 1484 1118 1547 totam
1134 1480 1306 1547 uerborum
1335 1479 1452 1544 molem

166 1585 229 1652 hac
251 1587 378 1652 ratione
403 1587 571 1652 collectam
595 1587 707 1652 Ionum
743 1571 883 1654 dialecto
918 1587 1146 1670 attribuamus,
1181 1587 1313 1654 namin
1337 1592 1452 1670 aperto

168 1701 219 1760 est
243 1713 327 1777 eum,
352 1694 408 1776 qui
431 1695 477 1760 sic
502 1695 727 1777 quaestionem
750 1695 913 1777 instituat,
938 1697 1129 1779 saepissime
1152 1694 1286 1761 fortuito
1311 1694 1452 1778 quodam

167 1820 245 1894 casu
269 1802 384 1884 decipi,
410 1801 448 1868 cf.
474 1803 582 1870 adnot.
601 1803 736 1870 Diencri
759 1803 779 1869 l.
797 1822 822 1869 c.
848 1823 880 1886 p.
906 1804 946 1868 31
973 1804 1014 1868 de
1037 1822 1114 1870 voce
1139 1802 1278 1885 ἐνάγειν,
1302 1821 1399 1886 quam
1422 1803 1451 1866 is

167 1909 311 1976 Ionicum
341 1911 527 1992 iudicasset,
564 1911 627 1977 nisi
653 1930 725 1978 eam
747 1910 883 1978 fortuito
908 1910 1008 1977 semel
1044 1911 1130 1993 apud
1153 1910 1282 1977 Isaeum
1306 1910 1452 1994 legisset.

166 2019 210 2085 Id
233 2020 337 2086 solum
361 2018 553 2090 sinedubio
575 2020 749 2086 tenendum
774 2025 824 2086 est
847 2020 934 2085 inter
950 2018 1152 2085 Herodotum
1176 2024 1210 2085 et
1234 2018 1452 2101 Thucydidem

168 2128 304 2210 eiusque
328 2127 480 2209 aequales
510 2127 750 2194 vicissitudines
779 2128 937 2210 quasdam
961 2127 1112 2209 conspici,
1148 2145 1229 2210 quas
1263 2125 1389 2209 siquis
1413 2144 1452 2190 ex

167 2237 328 2301 communi
344 2234 433 2301 fonte
450 2235 608 2316 deducat,
624 2254 689 2301 non
705 2235 810 2318 possit
834 2253 898 2300 non
915 2235 1135 2317 sophistarum
1153 2234 1346 2300 eruditionis
1362 2251 1451 2298 men-

166 2345 289 2410 tionem
313 2341 430 2425 facere,
456 2363 495 2409 ex
519 2363 583 2426 qua
606 2343 759 2410 universa
775 2343 880 2425 quinti
898 2343 1044 2409 exeuntis
1068 2343 1189 2408 saeculi
1213 2341 1353 2408 eruditio
1377 2359 1452 2423 pro·

165 2452 270 2519 fluxit.
317 2451 417 2518 Plura
440 2450 473 2516 in
497 2451 580 2518 hanc
605 2451 801 2518 sententiam
829 2451 895 2516 alio
919 2451 990 2516 loco
1016 2449 1279 2532 disputabuntur,
1315 2449 1451 2514 eumad

165 2566 312 2629 nostram
345 2559 569 2646 quaestionem
605 2559 805 2627 solummodo
841 2559 875 2623 id
910 2557 1075 2641 pertineat
1111 2556 1351 2641 Thucydidenm
1385 2574 1453 2622 ser·

165 2687 303 2753 monem,
334 2668 488 2752 quamdiu
511 2668 666 2735 iudicium
699 2669 739 2734 de
764 2686 801 2734 eo
825 2666 973 2751 fluctuat,
997 2667 1045 2732 ita
1069 2667 1274 2733 tractandum
1297 2684 1381 2750 esse,
1416 2670 1453 2730 ut

163 2779 200 2846 in
225 2795 442 2861 unaquaque
467 2795 545 2843 voce
569 2796 665 2860 quam
684 2777 868 2842 cautissime
892 2780 927 2841 et
949 2774 1137 2841 acutissime
1161 2778 1348 2858 quaeratur,
1374 2773 1452 2855 quid

165 2906 205 2951 ex
236 2885 441 2968 peculiari
464 2890 608 2951 natura
636 2890 675 2951 et
699 2884 803 2951 omni
827 2870 912 2951 eius
947 2882 1140 2951 memoria
1174 2881 1321 2947 concludi
1344 2880 1454 2965 possit

167 2995 208 3061 de
232 2995 302 3061 eius
326 2994 463 3077 origine.

273 3101 385 3185 Neque
409 3120 486 3168 uero
510 3119 668 3184 negamus
693 3101 779 3167 inter
803 3099 998 3183 Thucydidis
1021 3098 1172 3181 proprias
1196 3098 1355 3165 dictiones
1381 3115 1452 3164 esse

164 3210 338 3277 nonnullas
372 3230 449 3277 vere
471 3208 612 3291 Ionicae,
636 3208 726 3275 velut
750 3210 960 3291 participium
982 3208 1063 3273 illud
1087 3208 1158 3273 loco
1182 3206 1334 3273 adiectivi
1358 3224 1450 3270 usur-

164 3323 278 3400 patum
302 3316 513 3399 innodasses,
550 3317 649 3383 Thuc.
674 3316 699 3382 I.
725 3319 783 3382 99:
822 3317 900 3383 socii
924 3316 1172 3383 Atheniensium
1192 3315 1353 3398 χρήματα
1377 3311 1451 3378 dad-

165 3425 268 3509 ξαννο
305 3416 380 3493 ἀντὶ
414 3428 486 3491 τῶν
520 3428 610 3490 νεῶν
644 3423 685 3489 τὸ
715 3424 973 3507 ἱκνούμενον
1009 3421 1179 3505 ἀνάλωμα
1215 3423 1323 3506 φέρει.
1368 3420 1451 3487 Gou-

163 3533 251 3603 ieras
274 3534 409 3602 Dieneri
432 3554 463 3617 p.
490 3535 543 3617 34,
573 3533 628 3617 qni
652 3532 783 3615 quidem
806 3552 874 3599 rem
910 3552 975 3599 non
999 3532 1080 3599 satis
1104 3531 1212 3615 ample
1249 3537 1283 3597 et
1319 3530 1450 3612 copiose

164 3642 328 3710 tractavit.
972 3697 976 3707 .

272 3752 428 3819 Diversae
465 3755 574 3817 autem
611 3748 809 3817 condicionis
845 3748 929 3817 aliae
959 3766 1053 3815 voces
1076 3747 1228 3815 uidentur
1251 3766 1333 3828 esse,
1370 3764 1451 3829 quas

166 3878 238 3925 cum
272 3879 349 3927 vere
384 3859 511 3926 Atticas
547 3858 703 3942 appelles,
741 3877 804 3924 non
840 3856 1024 3941 decipiaris
1066 3856 1155 3923 velut
1188 3854 1450 3921 terminationem

166 3971 196 4035 3.
232 3987 318 4051 pers.
353 3970 437 4050 plur.
479 3966 559 4050 perf.
592 3986 678 4050 pass.
713 3968 746 4031 in
781 3983 885 4047 -orca,
921 3982 1005 4047 quae
1040 3965 1090 4031 vel
1125 3964 1159 4029 in
1193 3966 1299 4031 titulis
1334 3961 1451 4028 Atticis

165 4078 202 4143 V.
228 4078 349 4143 saeculi
384 4077 481 4143 obvia
517 4081 577 4157 cst,
615 4072 653 4141 oi.
690 4075 821 4155 Diencr,
857 4094 889 4157 p.
922 4077 1010 4157 hsq,
1045 4071 1237 4151 Wittelrind,
1278 4090 1310 4153 p.
1343 4072 1450 4153 disq,

165 4184 394 4266 Meisterhans,
436 4184 578 4251 Gramm.
616 4184 645 4247 d.
682 4189 744 4249 att.
779 4179 937 4263 Inschr.³,
973 4202 1005 4265 p.
1032 4182 1105 4263 166,
1125 4182 1156 4248 5.
1203 4180 1307 4245 Voces
1342 4183 1451 4244 autem

166 4293 366 4376 φερέγγυος,
402 4290 576 4376 πορθμὸς,
610 4293 726 4373 χῶρος
764 4297 825 4356 etc.
862 4288 948 4355 inira
989 4290 1218 4355 tractabuntur
1251 4286 1452 4369 Thucydides
1555 4364 1567 4383 .

164 4400 264 4481 igitur
304 4402 331 4467 si
372 4420 435 4468 non
476 4404 509 4466 in
552 4398 638 4465 omni
687 4417 780 4479 voce,
821 4403 856 4464 at
895 4404 1003 4465 tamen
1042 4399 1076 4463 in
1115 4397 1280 4480 plerisque
1320 4394 1452 4461 Atticae

166 4508 380 4519 -—--.-.-.

166 4580 169 4587 ¹
279 4561 300 4629 ¹)
319 4560 473 4625 Orationes,
494 4575 564 4630 quae
579 4559 759 4629 Antiphontis
773 4556 899 4615 feruntur
918 4573 987 4621 esse,
1005 4572 1059 4612 non
1072 4556 1169 4611 eodem
1188 4554 1319 4611 acclamo
1338 4553 1451 4609 fluxisse

163 4653 259 4705 notum
279 4654 330 4705 est.
