3475 5250
716 269 937 332 ..75-

166 450 332 516 derivato
356 448 425 513 eius
450 447 537 529 apud
560 445 776 512 Athenienses
801 446 923 511 usitata
950 442 1061 512 fuisse.
1110 446 1251 525 Quorum
1276 447 1467 528 gravissima

164 559 287 638 primo
311 556 381 622 loco
396 553 561 620 afferimus
585 573 604 619 e
619 553 783 636 lapidibus
800 553 946 621 collecta.
994 555 1030 620 ln
1055 555 1126 637 ipso
1143 555 1229 619 enim
1246 560 1343 636 portu
1358 555 1468 620 Piraei

164 665 309 747 lapides
333 665 397 728 duo
421 663 477 730 Ie.
502 663 527 728 Ι.
554 663 618 726 520
643 668 677 728 et
701 663 763 726 521
802 663 924 727 inventi
947 666 1033 742 sunt,
1071 663 1127 744 qui
1151 661 1320 728 exhibent:
1356 659 1467 743 πορθ-

164 773 290 854 μείων
313 770 444 852 Ιιόρμοο
468 768 581 852 Ιιόρος.
640 769 711 835 Ηαε
742 769 971 852 inscriptiones
994 778 1129 853 propter
1174 787 1206 845 ξ
1241 788 1306 834 una
1349 769 1470 835 lineola

168 897 298 946 carens
322 877 436 960 quinto
461 877 588 943 saeculo
599 875 624 960 ¹)
649 876 771 943 incisae
794 882 887 957 suut;
917 877 1102 958 significant
1125 884 1234 944 autern
1257 876 1355 943 finem
1378 877 1467 942 navi·

167 987 340 1068 cularum,
356 985 474 1067 quibus
486 984 701 1051 Athenienses
717 985 751 1050 in
766 983 851 1050 freto
868 984 1044 1051 Salaminio
1061 985 1134 1051 vehi
1150 985 1308 1052 solebant.
1326 984 1468 1063 Quarum

167 1099 300 1160 nautas
317 1093 552 1174 Aristophanes
568 1092 713 1158 nominat
729 1091 815 1157 Ecel.
843 1093 929 1158 1086
952 1094 1051 1173 trim,
1074 1092 1130 1158 ubi
1146 1091 1347 1173 adulescens,
1372 1111 1468 1174 quem

167 1201 335 1266 mulieres
365 1201 448 1266 duae
483 1197 643 1298 flagitant,
680 1217 736 1264 eas
771 1199 925 1280 repudiat
957 1197 1106 1282 χαλεπαί
1132 1200 1163 1280 γ’
1191 1197 1234 1264 ἂν
1255 1197 1338 1281 ἦστε
1374 1199 1465 1281 γενό-

168 1329 283 1393 μεναι
307 1305 481 1390 πορθμῆς,
508 1304 546 1371 cf.
565 1305 663 1372 schol.
682 1302 799 1389 ἐπειδὴ
824 1307 857 1371 ot
872 1303 1038 1389 πορθμῆς
1061 1304 1142 1387 τοὺς
1157 1305 1347 1387 παριόντας
1369 1304 1470 1388 ἀναγ-

167 1415 344 1498 κάζουσιν
368 1415 417 1496 εἰς
439 1411 482 1479 τὰ
507 1411 577 1478 idco
599 1410 706 1478 πλοῖα
731 1411 913 1496 ἐμβαίνειν.
963 1413 1045 1480 Sunt
1067 1418 1197 1496 nautae,
1223 1433 1358 1498 quorum
1381 1415 1469 1480 inso-

170 1525 318 1591 lentiam
335 1521 570 1605 Aristophanes
588 1528 676 1586 certe
699 1540 763 1586 non
788 1541 806 1586 e
827 1522 1017 1603 tragoediis,
1042 1522 1098 1587 sed
1116 1541 1156 1587 ex
1178 1523 1246 1587 vita
1262 1526 1468 1603 cognoverat.

170 1633 224 1698 Ac
253 1632 283 1698 si
307 1627 514 1712 πορθμεῖον,
538 1625 720 1711 πορθμεύς
743 1628 998 1695 Atheniensibus
1023 1627 1060 1694 V.
1078 1629 1200 1696 saeculi
1224 1629 1323 1695 verba
1346 1630 1470 1695 usitata

170 1737 324 1822 fuerunt,
360 1756 400 1803 ne
429 1736 525 1802 aliter
550 1737 589 1802 de
614 1755 690 1804 voce
714 1734 886 1820 πορθμός,
910 1737 996 1803 unde
1021 1737 1078 1802 illa
1101 1739 1199 1803 ducta
1222 1743 1307 1819 sunt,
1345 1737 1468 1803 iudices

172 1850 323 1929 oportet,
349 1845 411 1912 etsi
435 1844 488 1910 IV.
505 1843 561 1910 sol.
584 1843 691 1909 locum
716 1845 806 1911 dedit
830 1845 901 1910 voci
916 1844 1036 1927 πόρος.
1083 1846 1189 1928 Atque
1214 1864 1328 1912 revera
1344 1845 1469 1927 Thucy·

173 1955 285 2036 dides,
310 1958 347 2020 ut
370 1959 442 2019 erat
465 1956 591 2018 amator
615 1952 818 2018 inveteratae
841 1953 971 2018 Atticae
995 1952 1160 2033 dictionis,
1185 1952 1240 2020 IV.
1266 1953 1320 2034 83,
1356 1952 1411 2018 VI.
1438 1955 1468 2035 2,

173 2063 252 2129 Vll.
283 2065 299 2127 1
331 2060 451 2128 fretum
480 2059 633 2140 Siculum,
669 2059 710 2126 II.
742 2061 783 2126 83
818 2059 938 2127 fretum
974 2060 1061 2126 inter
1083 2060 1190 2127 Rhion
1222 2065 1256 2127 et
1279 2061 1468 2126 Antirrhion

175 2175 315 2237 exstans
337 2166 536 2250 πορθμός
559 2167 694 2234 vocavit.
738 2168 877 2234 Restant
906 2169 993 2250 apud
1017 2167 1142 2234 Atticos
1177 2169 1354 2250 scriptores
1378 2169 1471 2234 testi·

174 2277 292 2342 monia
326 2275 460 2342 minoris
499 2275 706 2342 auctoritatis
741 2275 832 2342 velut
858 2275 992 2360 [Alcid]
1016 2275 1131 2358 Odyss
1158 2280 1197 2340 15
1222 2273 1404 2358 πορθμεύς
1438 2276 1470 2340 in

173 2383 301 2451 Blassii
318 2383 395 2450 edit.
413 2383 604 2465 Antiphont.
629 2402 660 2465 p.
681 2384 754 2464 188,
779 2384 1005 2466 Xenophontis
1021 2383 1106 2449 Hell.
1134 2387 1162 2448 5.
1182 2386 1210 2448 1.
1229 2384 1270 2447 23
1296 2380 1470 2448 ἁλιευτικὰ

175 2542 184 2558 .
257 2491 316 2557 καὶ
340 2489 553 2574 πορθμεῖα
570 2488 772 2573 ἀνθρώπων
787 2492 905 2574 μεστά.
953 2491 1024 2557 Hac
1039 2509 1117 2557 voce
1129 2490 1331 2574 Antiphanes
1347 2491 1407 2571 ing.
1427 2492 1469 2555 86

175 2601 232 2687 (Κ.
253 2600 295 2669 ΙΙ.
321 2602 374 2680 46,
400 2596 475 2665 Mei.
493 2597 548 2663 lII.
575 2599 632 2679 41)
657 2598 803 2682 cymbam
828 2598 987 2666 Charonis
1010 2603 1114 2680 vocat,
1145 2616 1214 2665 curu
1239 2595 1375 2665 lormam
1399 2598 1469 2665 eius

175 2706 336 2791 πορθμίς
371 2706 522 2773 exhibeat
545 2706 673 2772 Anaxil.
697 2706 759 2787 frg.
785 2708 826 2771 22
863 2708 917 2791 (ll.
941 2708 983 2773 Π.
1012 2709 1088 2787 270,
1124 2706 1468 2791 detuleram).

175 2816 290 2883 Etiam
314 2814 498 2897 Licymnius
522 2812 583 2896 lrg.
610 2815 650 2879 22
677 2814 758 2879 dixit
774 2813 977 2896 πορθμεύει.
1025 2814 1172 2897 Denique
1193 2815 1308 2881 Pollux
1330 2815 1386 2883 VI.
1406 2818 1469 2881 188

177 2920 364 3005 πορθμεύς
387 2922 472 2989 inter
497 2922 745 3004 obiurgamenta
761 2922 900 2998 tradidit
923 2922 1011 3008 (vide
1038 2921 1201 3004 Aristoph.
1226 2922 1311 3007 loa).
1349 2924 1471 2989 Recen·
1509 2974 1511 2978 .

178 3030 268 3097 tiore
292 3048 369 3096 vero
394 3034 503 3096 aetate
527 3028 691 3114 πορθμός
722 3028 832 3097 floruit
855 3031 942 3112 apud
966 3030 1186 3113 Aristotelem,
1221 3030 1391 3114 Polybium
1416 3032 1469 3112 al.,

179 3158 246 3203 non
272 3138 369 3204 aliter
392 3135 585 3220 πορθμεύει
620 3139 707 3219 apud
731 3138 930 3204 recentiores
965 3138 1153 3221 scriptores,
1191 3138 1282 3205 cuius
1305 3140 1353 3205 rei
1377 3138 1469 3206 nobis

179 3264 247 3313 non
272 3246 420 3325 interest,
457 3251 629 3330 postquam
654 3264 755 3328 supra
777 3246 842 3312 iam
872 3247 954 3313 satis
978 3246 1132 3328 gravibus
1157 3247 1356 3329 argumentis
1386 3266 1470 3313 corn·

179 3353 357 3435 probatum
382 3357 432 3419 est
455 3351 618 3438 πορθμός
647 3354 781 3437 eiusque
806 3354 954 3421 derivata
977 3354 1124 3436 putanda
1159 3372 1231 3421 esse
1255 3355 1341 3420 inter
1364 3355 1472 3436 prisca

185 3460 298 3526 Attica
321 3461 432 3530 verba.

727 3619 924 3688 ΦΟΝΕΥΩ.

292 3746 488 3813 Interfector
522 3749 609 3829 apud
634 3749 776 3815 Graecos
801 3750 983 3832 antiquitus
1011 3750 1188 3817 vocabatur
1213 3751 1350 3834 φονεύς,
1386 3769 1470 3833 quac

183 3872 246 3919 vox
270 3855 356 3937 apud
379 3856 566 3938 Homerum,
602 3858 688 3938 apud
711 3848 818 3940 Ioues,¹
854 3858 941 3941 apud
966 3859 1180 3925 Athenienses
1204 3860 1353 3939 occurrit,
1385 3859 1471 3942 quod

184 3960 272 4027 infru
296 3962 579 4030 demonstrabitur.
629 3964 771 4031 Verbum
806 3970 916 4031 autern
950 3966 1026 4031 iude
1055 3967 1185 4032 ductum
1212 3966 1359 4049 φονεύω,
1385 3967 1471 4049 quod

186 4069 273 4151 apud
295 4068 391 4137 Iones
415 4068 534 4151 floruit,
560 4071 599 4137 ab
623 4072 741 4138 Atticis
765 4073 979 4155 scriptoribus
1003 4075 1109 4139 rarius
1134 4080 1323 4158 usurpatur.
1362 4074 1469 4153 Quare

187 4176 319 4243 difficile
362 4183 413 4243 est
456 4179 644 4261 diiudicare,
691 4200 767 4246 nuru
815 4182 954 4263 φονεύει
988 4183 1021 4248 in
1058 4183 1229 4265 tragoedia
1265 4182 1393 4248 Atticae
1429 4202 1470 4248 an

187 4283 316 4351 Ionicae
353 4286 577 4352 consuetudini
615 4287 783 4376 debeatur,
821 4287 858 4353 cf.
885 4288 1094 4356 Rutherlord.
1124 4292 1145 4356 l.
1164 4308 1189 4355 c.
1214 4309 1244 4371 p.
1273 4293 1324 4369 15,
1360 4292 1470 4357 adnot.

189 4394 258 4458 tet
286 4394 315 4474 3,
341 4392 377 4458 Ο.
404 4394 535 4460 Dieneri
559 4394 634 4461 diss.
662 4396 701 4461 de
725 4413 872 4463 sermone
897 4397 1100 4482 Thucydideo
1124 4418 1156 4481 p.
1181 4401 1234 4463 41.

191 4518 404 4530 ——0--0—

297 4587 320 4657 ¹)
338 4586 457 4659 Propter
474 4588 639 4659 scripturum
652 4590 829 4647 terminorum
843 4590 1037 4647 archoistieam
1055 4591 1084 4646 id
1103 4590 1192 4650 solum
1211 4592 1378 4647 contendero
1396 4591 1474 4646 licet.
