3475 5250
813 359 1035 426 ...64-

817 605 1033 676 ΠΥΘΜΗΝ.

388 772 497 838 Etiam
531 771 564 836 in
594 789 670 837 voce
686 768 833 855 πυθμήν
862 773 948 839 11αιιο
971 771 1103 840 lortnna
1126 771 1220 838 nobis
1243 772 1324 838 satis
1347 771 1450 837 multa
1472 771 1566 838 testi-

283 880 392 946 monia
415 878 568 958 serravit,
603 884 641 945 nt
665 897 729 945 non
753 897 908 961 erremus,
944 880 973 945 si
1008 898 1048 946 ea
1077 878 1322 947 accuratissime
1349 879 1569 946 examinantes

282 987 435 1054 iudicium
458 985 622 1054 faciemus.

385 1096 477 1178 Apud
501 1094 678 1161 Homerum
702 1091 721 1158 ὁ
745 1091 892 1177 πυθμήν
914 1093 979 1160 ima
1002 1111 1079 1176 pars
1103 1099 1155 1161 est
1177 1094 1285 1176 poculi
1307 1092 1340 1158 A
1364 1095 1428 1160 635
1451 1092 1514 1160 θθο
1538 1091 1566 1159 θ’

280 1198 350 1266 θπό
372 1199 589 1284 πυθμένες
611 1199 701 1284 ἦσαν
724 1201 792 1268 sive
815 1201 955 1284 tripodis
972 1197 1081 1266 2375
1098 1199 1168 1266 θπό
1185 1198 1295 1266 κύκλα
1311 1199 1444 1283 ἑκάστῳ
1467 1199 1568 1266 πυθ-

280 1309 373 1390 μένι
389 1306 508 1392 θῆκεν.
556 1308 688 1376 Τ1οΙε1ο
704 1313 814 1374 autem
830 1308 924 1375 radix
940 1308 1033 1375 oleae
1056 1309 1103 1374 sic
1125 1314 1261 1376 uocatur
1282 1330 1303 1372 ν
1330 1309 1392 1374 122
1415 1306 1567 1391 πυθμέν’

283 1413 410 1499 ἐλαίης,
446 1417 690 1498 1111111ν312,
725 1420 846 1499 pror
881 1415 935 1500 (cf.
965 1415 1154 1482 Prellwitnii
1187 1417 1249 1482 lex.
1275 1420 1372 1498 etym.
1407 1415 1448 1482 de
1471 1433 1568 1482 sensu

281 1524 391 1607 vocis).
439 1524 552 1609 Neque
588 1525 687 1590 etiam
727 1524 920 1608 insequente
955 1529 1066 1591 aetate
1099 1542 1211 1590 uocem
1246 1523 1386 1590 alienam
1420 1523 1569 1590 fuissea

281 1648 429 1698 sermone
463 1631 626 1700 cotidiano
651 1631 726 1698 inde
756 1632 948 1715 colligimus,
978 1632 1064 1715 quod
1096 1631 1245 1715 plerique
1267 1637 1385 1715 poetae
1410 1650 1449 1698 ea
1472 1636 1568 1698 utun·

281 1744 343 1820 tur,
381 1738 472 1806 velut
507 1740 547 1808 de
582 1739 661 1807 dolii
697 1738 796 1806 fundo
819 1739 951 1806 Hesiod.
981 1759 1055 1823 opp.
1081 1740 1157 1821 369,
1188 1739 1227 1805 de
1250 1740 1333 1804 mari
1356 1739 1434 1805 Hes.
1458 1739 1566 1820 theog.

283 1848 360 1929 932,
384 1849 424 1914 de
447 1848 520 1914 lacu
545 1848 687 1932 Theogu.
715 1849 811 1929 1035,
836 1846 946 1914 Solon.
971 1846 1033 1930 frg.
1065 1848 1117 1912 13.
1135 1850 1188 1916 20.
1234 1846 1324 1914 Idem
1349 1847 1503 1930 opposuit
1524 1850 1568 1929 τῇ

280 1958 418 2038 κορυφῇ
442 1952 503 2020 τὸν
519 1953 684 2039 πυθμένα
706 1954 769 2038 frg.
789 1957 839 2025 13.
860 1957 911 2020 10.
960 1955 1109 2038 Denique
1125 1954 1288 2022 Hesiodus
1304 1952 1366 2038 frg.
1385 1955 1459 2022 134.
1478 1955 1568 2020 illc.

280 2061 456 2128 deradice
493 2065 605 2144 φηγοῦ
641 2062 735 2143 dixit,
771 2062 946 2146 Hipponax
979 2060 1041 2145 irg.
1073 2064 1165 2127 514
1200 2063 1240 2129 de
1275 2063 1385 2129 radice
1420 2059 1568 2146 στοιβῆς,

281 2171 450 2236 Anacreon
473 2167 535 2252 irg.
561 2171 603 2236 38
629 2171 669 2236 de
685 2189 771 2253 vase,
796 2189 975 2254 anonymus
992 2175 1091 2254 poeta
1114 2171 1147 2237 in
1172 2171 1223 2237 Et.
1242 2171 1352 2253 Magn.
1377 2189 1408 2252 p.
1435 2170 1567 2237 39212

281 2274 575 2360 0111011εθρυός.
611 2279 745 2344 Accedit
763 2279 896 2345 Pindari
911 2276 973 2361 irg.
995 2281 1055 2343 191
1075 2277 1166 2364 (223)
1187 2275 1367 2361 Ταρτάρου
1384 2273 1568 2359 πυθμήν,

280 2402 351 2450 cum
375 2385 510 2454 liberius
534 2385 623 2452 dicat
646 2385 857 2470 Bacchylides
883 2387 920 2454 V.
948 2387 1011 2452 198
1045 2383 1262 2469 πυθμένες
1291 2382 1459 2471 έσθλ[ῶν]
1485 2384 1569 2466 ,mi-
1606 2384 1611 2392 “

281 2492 372 2576 gines
396 2493 584 2560 nobilium“.

387 2601 477 2685 Tum,
503 2607 539 2669 ut
563 2601 602 2670 de
626 2601 760 2685 tragicis
784 2601 892 2685 poetis
915 2601 1041 2686 loquar,
1073 2601 1223 2687 Aeschyli
1246 2601 1435 2670 testimonia
1457 2616 1569 2666 uume-

277 2728 354 2777 rcsa
382 2717 467 2777 sunt.
516 2710 628 2794 Suppl.
664 2713 728 2776 104
752 2709 822 2796 (98)
846 2710 935 2778 chor.
951 2708 1051 2795 θβριν
1074 2707 1243 2794 βρότειον,
1268 2710 1326 2775 olo
1341 2707 1453 2791 νεάζει
1467 2704 1567 2772 ποθ

277 2816 357 2899 μὴν
381 2815 421 2882 ὁι’
448 2816 538 2902 ἁμὸν
562 2818 672 2901 γάμον
695 2815 857 2900 τεθαλώς
889 2820 974 2903 (cod.
998 2819 1154 2885 Laurent.
1178 2815 1218 2883 τὸ
1242 2814 1386 2904 θάλος);
1420 2813 1566 2897 1111011)

278 2922 354 3009 ῥίζα
382 2928 453 2991 τῶν
482 2926 698 3009 πεντήκοντα
720 2924 867 3007 παίδων,
893 2923 913 2991 ὅ
937 2926 1029 2992 ἐστιν
1046 2924 1152 3007 αὐτὸς
1175 2924 1195 2992 ὁ
1217 2922 1402 3008 Αἴγυπτος.
1449 2923 1566 3003 Quam·

279 3032 327 3099 vis
378 3041 550 3118 corruptus
601 3034 647 3101 sit
693 3034 799 3117 locus,
851 3034 967 3101 scholii
1017 3034 1192 3119 explicatio
1231 3053 1296 3100 non
1341 3032 1455 3116 inepta
1506 3036 1566 3098 est.

279 3138 386 3207 Prom.
413 3142 499 3207 1046
523 3142 640 3227 (1045)
665 3161 760 3225 anap.
786 3142 824 3207 έκ
839 3140 1068 3226 πυθμένων
1086 3141 1293 3225 „exiundo“.
1341 3139 1482 3223 Ghoeph.
1501 3140 1568 3205 204

278 3246 483 3331 (196)111111.
520 3252 664 3333 σμικροῦ
688 3250 808 3331 γένοιτ’
847 3247 891 3314 ἂν
913 3251 1110 3334 σπέρματος
1143 3250 1250 3334 μέγας
1277 3246 1458 3331 πυθμήν,
1494 3266 1567 3313 cnm

278 3355 386 3423 dicere
410 3357 488 3423 velit
512 3375 551 3423 ex
575 3358 691 3442 exiguo
718 3358 842 3424 semine
866 3376 1017 3441 magnam
1041 3378 1110 3425 rem
1135 3376 1290 3439 crescere,
1316 3355 1354 3422 cf.
1378 3355 1567 3423 Aristotelis

277 3484 313 3529 π.
338 3462 394 3547 ζῷ.
420 3485 486 3547 γον.
510 3465 536 3531 L
561 3468 614 3551 20,
638 3486 669 3549 p.
694 3466 759 3532 728
784 3467 863 3533 1135
889 3464 927 3549 ἐζ
939 3464 1018 3547 ἑνὸς
1041 3467 1239 3549 σπέρματος
1259 3461 1297 3529 έν
1313 3465 1415 3546 σῶμα
1428 3464 1565 3546 γίνεται,

278 3570 354 3637 οίον
378 3570 455 3655 erog
478 3575 591 3656 πυροῦ
626 3572 677 3655 είς
699 3571 881 3657 πυθμήν,
917 3593 992 3641 nam
1027 3594 1067 3641 er
1098 3574 1221 3641 semine
1244 3571 1346 3655 radix,
1382 3590 1422 3637 cx
1455 3571 1566 3637 radice

277 3678 380 3745 herba
403 3682 539 3748 crescit·
577 3679 719 3765 Ohoeph.
738 3684 803 3747 260
820 3682 1017 3769 (252)11111.
1036 3681 1175 3765 ἀρχικὸς
1190 3678 1371 3764 πυθμήν,
1395 3684 1434 3744 ut
1449 3678 1566 3744 Latine

281 3787 424 3871 „stirps“
457 3789 585 3857 dicitur.
633 3788 715 3857 lbid.
742 3792 807 3856 646
831 3789 926 3874 (628)
951 3791 1038 3857 chor.
1063 3788 1167 3870 Δίκας
1191 3838 1199 3855 .
1226 3841 1233 3858 .
1258 3784 1437 3871 πυθμήν,
1463 3785 1562 3853 schol.

277 3893 353 3977 ῥίζα
369 3895 595 3982 δικαιοσύνης.
620 3897 681 3982 srg.
706 3899 852 3966 27111111.
877 3896 1050 3982 νενειάθος
1072 3894 1246 3980 πυθμήν
1272 3891 1414 3976 ,barbae
1437 3891 1563 3957 radix“.

276 4002 366 4070 Haec
390 4005 541 4090 Aeschyli
566 4006 756 4073 testimonia
778 4011 864 4089 sunt,
903 4007 958 4090 qui
993 4007 1093 4078 semel
1117 4003 1330 4088 originarium
1364 4018 1494 4068 sensum
1528 3996 1562 4062 in

276 4109 481 4197 Prometheo,
518 4114 649 4198 saepius
684 4115 840 4182 tralatum
881 4114 922 4181 dc
956 4114 1067 4181 radice
1107 4111 1289 4195 usurparit.
1351 4107 1460 4174 Etiam
1493 4105 1562 4170 Ion.

278 4217 339 4302 lrg.
365 4222 417 4303 28,
442 4241 473 4303 p.
492 4222 556 4286 737
573 4240 626 4305 ap.
644 4222 768 4290 Nauck.
792 4220 967 4305 πυθμέν’
993 4218 1141 4303 εθκηλον
1156 4217 1261 4303 έρυός
1277 4217 1370 4298 dixit,
1387 4212 1564 4297 Sophocles

275 4344 384 4393 vocem
408 4329 509 4397 semel
533 4330 664 4397 exhibet
691 4331 772 4399 Oed.
803 4337 865 4414 tyr.
893 4331 977 4396 1261
1003 4330 1090 4396 trim.
1114 4327 1153 4394 έκ
1176 4324 1214 4392 de
1236 4323 1429 4408 πυθμένων
1453 4318 1562 4386 ἔκλινε

274 4430 376 4499 κοῖλα
414 4434 567 4520 κλῇθρα;
607 4439 781 4523 Euripides
820 4443 933 4505 autem
971 4456 1043 4504 eam
1082 4436 1208 4504 vitavit.
1271 4429 1560 4500 considerantibus

275 4540 380 4625 nobis,
415 4562 576 4626 quaenam
609 4544 694 4613 ratio
729 4548 915 4614 intercedat
950 4547 1037 4613 inter
1065 4544 1260 4628 Aeschylum
1295 4547 1328 4609 et
1362 4538 1559 4607 vetustiores

275 4655 399 4734 poetas,
424 4653 661 4722 concedendum
696 4660 748 4722 est
771 4674 843 4723 eum
867 4656 902 4722 in
929 4655 990 4721 bac
1013 4672 1102 4736 uoce,
1138 4671 1235 4737 quam
1258 4656 1327 4718 tam
1350 4644 1561 4731 peculiariter
