3475 5250
686 245 907 310 ..55-

158 443 228 491 cum
252 424 437 491 Herodiano
463 424 605 492 Galenus
634 444 658 492 s.
676 412 704 492 v.
731 424 863 508 ἁρμίιος
886 424 961 506 (sor.
991 425 1098 510 ἁρμοῖ
1120 426 1193 510 ὡς)·
1217 431 1436 511 παραχρῆμα,

157 530 290 615 Δώριος
314 530 352 598 δὲ
373 532 395 615 ἡ
420 531 517 616 λέξις,
554 533 650 601 simil.
679 533 827 600 Eustath.
865 534 907 599 ad
931 534 1024 600 Hom.
1049 554 1081 617 p.
1110 537 1256 618 140.13,
1293 535 1438 604 Grameri

157 640 267 722 anecd.
292 639 392 706 Oxou.
416 640 472 706 111.
497 661 528 724 p.
553 644 628 708 391,
647 643 677 721 8,
702 660 783 725 quos
807 659 918 708 omnes
942 641 983 707 ad
1005 641 1185 709 Herodiani
1209 644 1437 734 auctoritatem

156 766 326 814 recurrere
349 748 524 816 verisimile
553 755 613 816 est.
661 748 853 816 Gravissimi
886 749 988 832 igitur
1011 752 1166 818 momenti
1202 752 1282 819 erit·
1301 770 1435 836 cognos-

156 873 240 938 cere,
265 855 343 938 quid
367 856 473 923 valeat
496 856 675 924 Herodiani
697 857 919 924 testimonium
943 863 977 924 et
999 858 1085 924 unde
1107 857 1307 941 profluxerit.
1340 859 1439 928 cuius

156 963 321 1030 contraria
357 964 507 1030 doctrina
530 969 659 1032 servata
694 965 802 1032 estin
826 963 972 1032 Grameri
1001 967 1113 1034 anecd.
1138 967 1239 1034 Oxou.
1262 968 1287 1036 I.
1312 988 1344 1051 ρ.
1366 971 1438 1051 163,

156 1070 212 1135 ubi
237 1071 277 1136 de
300 1071 462 1138 adverbiis
500 1072 533 1138 in
559 1059 587 1139 ὦ
617 1072 765 1140 formatis
788 1074 976 1140 disseritur:
1013 1075 1043 1139 el
1077 1072 1118 1139 dd
1148 1093 1218 1140 σου
1253 1093 1438 1158 περισσοτ-

157 1177 306 1261 6ήσετσι
331 1177 375 1245 τὰ
399 1181 446 1259 εἰς
470 1165 509 1260 ὧ,
539 1178 655 1263 Δώρια
679 1179 757 1246 ἐστι·
782 1179 892 1263 μόνον
916 1178 979 1247 οὖν
1001 1180 1365 1265 ιιοραφολαιιτέον
1392 1182 1438 1250 τὸ

157 1285 308 1369 ἁρμῷὶ)
333 1283 418 1370 ὅπερ
444 1287 514 1354 ἐστὶ
543 1288 601 1352 καὶ
623 1285 755 1370 ἁρμοῖ
789 1287 835 1355 oo
866 1286 1037 1372 Δώριον.
1084 1290 1172 1368 Quae
1208 1289 1356 1358 doctrina
1389 1313 1439 1359 re·

158 1394 246 1461 cedit
270 1395 310 1459 ad
335 1396 564 1479 Appollonium
581 1396 765 1480 Dyscolum,
791 1397 881 1462 cuius
905 1416 945 1462 ex
961 1396 1191 1464 dissertatione
1207 1397 1286 1479 περὶ
1302 1397 1439 1483 ἐιιιρρη·
1512 1437 1515 1442 -

154 1503 279 1584 μάτων
303 1503 487 1586 conscripta
511 1509 663 1587 excerpta
687 1504 745 1569 illa
768 1504 887 1571 hausta
911 1504 1039 1570 esseio
1064 1509 1178 1586 aperto
1202 1509 1262 1572 est.

284 1609 430 1677 Grameri
453 1614 638 1696 Anonymus
796 1613 931 1696 lApoll.
956 1612 1084 1694 Dyscol.
1116 1632 1147 1694 p.
1175 1615 1249 1678 165.
1275 1615 1317 1679 20
1339 1613 1436 1682 Schn.

155 1715 200 1783 τὰ
235 1716 272 1784 δὲ
307 1719 355 1800 εἰς
390 1705 658 1803 ὦέιτιρρήματα
678 1718 772 1803 φιλεῖ
825 1715 868 1782 τὰ
892 1719 940 1797 εἰς
970 1705 999 1784 ὦ
1026 1717 1177 1802 λήγοντα
1204 1717 1439 1803 βαρύνεται..

154 1823 379 1909 βαρύνεσθαι·
431 1828 656 1911 σεσημείωται
708 1825 769 1892 ooo
826 1824 916 1892 ὥστε
939 1825 1039 1892 ἕνεκα
1061 1826 1187 1892 τούτου
1213 1822 1440 1910 σημειοῦσθαι

157 1932 326 2016 ἐπισχερὼ
349 1935 407 1999 καὶ
428 1933 480 2016 ἰὼ,
505 1932 651 2016 ὀξύτονα
673 1954 771 2016 ποιη-
825 1931 864 1999 τὸ
890 1932 1056 2017 ἐπισχερὼ
1079 1934 1136 1998 καὶ
1159 1934 1210 1999 ἰώ.

157 2039 243 2108 τικά.

264 2148 369 2215 Aliter
384 2147 588 2216 Herodianus
612 2149 662 2214 his
680 2149 719 2215 de
736 2149 900 2216 adverbiis
916 2149 1104 2231 disputavit,
1138 2148 1176 2215 ci.
1202 2148 1228 2214 1.
1252 2169 1284 2231 p.
1303 2150 1378 2215 507.
1398 2151 1438 2213 17

156 2255 296 2341 (Lenta).
347 2255 429 2322 (lum
464 2262 573 2322 autem
608 2277 669 2340 par
703 2258 747 2322 sit
782 2257 961 2323 auctoritas
994 2256 1158 2339 Apollonii
1193 2262 1226 2322 et
1248 2256 1438 2337 Herodiani‚

156 2363 265 2429 omnia
281 2368 356 2430 suot
379 2364 412 2429 in
429 2362 526 2447 fonte,
546 2385 585 2430 cx
608 2384 671 2448 quo
688 2365 860 2448 utriusque
876 2365 1026 2450 doctrina
1041 2363 1205 2447 profluxit.
1239 2366 1347 2446 Atque
1365 2383 1437 2429 eurn

156 2471 339 2536 iudicamus
363 2489 435 2538 esse
458 2472 564 2538 locum
581 2472 747 2539 Theocriti
771 2491 869 2555 supra
893 2473 1039 2538 allatum.
1086 2472 1169 2538 Nam
1192 2477 1320 2539 constat
1336 2471 1439 2537 Hero·

157 2579 289 2645 diarum
315 2578 478 2646 Theocriti
502 2580 699 2649 carminibus
734 2598 794 2664 pro
818 2579 908 2647 fonte
932 2580 1063 2647 dialecti
1086 2579 1310 2665 Syracusanae
1343 2598 1437 2647 usum

158 2707 241 2773 esse,
268 2688 307 2753 ci.
331 2688 509 2755 Herodian.
534 2688 576 2770 H,
601 2709 633 2772 p.
660 2691 771 2755 5611
797 2688 871 2773 (h),
896 2688 1024 2756 Ahrens
1040 2690 1060 2754 l.
1078 2707 1104 2755 o.
1129 2689 1171 2771 II,
1195 2690 1272 2771 ρ.25
1302 2707 1352 2755 nr.
1379 2689 1434 2769 20,

157 2814 228 2863 cum
253 2795 341 2861 dicat
365 2796 404 2861 de
421 2797 592 2879 Apollonio
617 2802 650 2862 et
664 2797 851 2864 Herodiano
877 2797 1084 2878 „cautissime
1106 2795 1303 2878 Theocriti²)
1327 2801 1437 2862 aucto·

156 2905 257 2969 ritate
281 2908 447 2970 utuntur.“
485 2905 577 2985 Quod
601 2924 641 2971 ne
658 2905 905 2989 vituperaveris,
931 2905 1101 2971 dummodo
1119 2923 1233 2971 revera
1249 2903 1437 2970 cautissime

156 3011 360 3079 adhiheatur.
392 3012 456 3079 Sed
479 3012 539 3079 hoo
561 3031 625 3079 uno
649 3013 683 3080 in
700 3014 797 3080 verbo
814 3012 1030 3093 Herodianus,
1054 3032 1126 3079 cum
1143 3011 1308 3096 Apollonii
1331 3012 1437 3094 patris

157 3120 339 3187 doctrinam
363 3139 520 3203 superare
544 3122 700 3203 studeret,
726 3122 881 3204 deceptus
909 3127 970 3203 est,
1007 3121 1041 3186 id
1065 3121 1151 3203 quod
1186 3117 1382 3186 testimoniis
1418 3138 1439 3183 a

156 3229 250 3295 nobis
275 3230 438 3311 congestis
462 3248 563 3313 supra
587 3230 651 3295 iam
693 3230 773 3297 satis
803 3229 1011 3312 explanatum
1039 3233 1098 3295 est.
1146 3229 1362 3295 Recurremus
1397 3225 1439 3291 ad

157 3337 240 3403 hanc
264 3355 385 3419 vocem,
410 3356 482 3403 cum
495 3338 731 3420 disputabimus
757 3338 797 3404 de
813 3336 976 3403 Siceliotis
993 3335 1144 3419 Aeschyli
1161 3334 1340 3415 elementis,
1365 3351 1438 3398 uam

156 3444 216 3511 hac
240 3444 274 3511 in
298 3464 376 3512 voce
400 3464 472 3512 oum
497 3444 677 3512 Meiueohio
702 3446 790 3529 (vide
814 3444 926 3529 supra)
949 3463 1014 3511 non
1039 3442 1265 3511 consentimus.

723 3708 879 3778 ΑΙΠΟΣ.

16 3942 17 3949 1
151 3962 152 3967 ,
265 3893 385 3971 Ultimo
408 3894 480 3961 loco
504 3894 591 3960 inter
613 3893 722 3959 Ionica
745 3890 845 3959 verba
868 3891 967 3957 liceat
990 3909 1164 3975 apponere,
1189 3906 1274 3971 quae
1297 3887 1338 3953 de
1361 3904 1439 3952 voce

159 4002 262 4083 αἴσιος
285 4002 469 4069 statuimus.
515 4001 629 4069 Aesch.
655 4001 714 4083 Ag.
741 4002 804 4065 285
822 3997 916 4084 (272)
939 3999 1027 4066 trim.
1050 3995 1185 4079 Ἀθῷον
1209 3995 1350 4076 αἶστος,
1375 3995 1439 4059 309

266 4196 288 4268 ¹)
307 4198 349 4251 De
368 4196 456 4251 iorma
475 4196 557 4268 ἁρμοῖ
575 4194 646 4250 nihil
665 4195 735 4249 certi
753 4197 876 4249 statuero
895 4209 1052 4265 possumus;
1072 4193 1164 4263 potest
1183 4207 1242 4245 esse
1268 4192 1317 4244 aut
1335 4190 1439 4243 instru-

157 4287 293 4356 mentalis,
321 4291 372 4342 ant
389 4286 488 4342 menda
506 4286 607 4341 aetatis
625 4285 796 4349 recentioris,
825 4302 888 4339 narn
911 4284 966 4338 nisi
993 4282 1066 4353 apud
1085 4281 1247 4336 Erotianum
1274 4279 1336 4333 loeo
1356 4278 1436 4349 plane

159 4378 286 4447 corrupto
306 4380 334 4431 et
352 4394 517 4448 anonymum
535 4394 590 4431 non
608 4375 736 4430 traditur.
938 4372 940 4377 ’

265 4470 287 4538 ²)
305 4467 340 4521 oi.
359 4466 467 4537 Kaibel,
495 4468 547 4537 frg.
568 4482 637 4523 com.
655 4468 702 4522 1.1
725 4466 762 4535 gl.
780 4468 827 4529 44,
855 4465 903 4535 qui
926 4464 962 4521 ed
980 4462 1067 4518 schol.
1086 4461 1202 4517 Theocr.
1221 4460 1270 4514 ΠΙ.
1290 4462 1325 4516 52
1354 4457 1439 4514 adno-

159 4560 200 4613 tat
219 4557 289 4631 παρὰ
310 4564 500 4637 Σιρακινσὶοις
517 4557 535 4615 1.
555 4572 581 4613 6.
600 4557 629 4613 in
648 4555 828 4613 Theocriti
847 4554 1021 4623 carminibus,
1041 4552 1122 4610 simil.
1141 4550 1178 4623 gl.
1198 4552 1259 4607 231.
