3475 5250
826 319 1044 381 ..44-

296 499 410 579 poetcs
433 493 651 578 metaphorice
674 501 850 580 usurpatur
873 503 1001 564 servato
1025 516 1120 564 sensu
1147 517 1226 581 ,par
1249 498 1282 565 iu
1296 502 1467 583 utramque
1490 520 1567 585 par·

296 609 392 669 tem“.
428 603 524 687 Soph.
550 603 627 670 Oed.
643 607 705 686 tyr.
725 606 809 669 1243
827 605 912 672 trim.
937 605 1048 687 κόμην
1065 607 1175 671 σπάσα
1202 603 1409 689 άμφιδεξίοις
1432 606 1567 690 ἀκμαῖς.

297 710 376 777 Oed.
402 710 467 777 eol.
496 712 580 774 1112
603 710 688 776 trim.
712 710 858 793 ε’ρείσατ’
877 766 883 778 .
901 759 910 776 .
926 709 1076 794 πλευρὸν
1100 710 1298 796 ἀμφιδέξιον
1317 713 1323 798 Ι
1343 713 1494 798 έμφύντε
1517 720 1567 799 τῷ
1628 761 1630 765 -

298 819 453 901 φύσαντι.
499 819 610 901 Eurip.
640 819 738 902 Hipp.
763 821 827 884 780
851 820 937 885 trim.
975 817 1173 902 ἀμφιδέξιον
1197 818 1346 903 σίδηρον.
1396 822 1456 904 frg.
1482 829 1568 907 trag.

296 926 405 1009 adesp.
432 927 543 992 355.2
567 927 652 991 trim.

480 1031 563 1117 (A).
602 1033 690 1116 πρὸς
712 1032 805 1117 δῆίυ
827 1034 917 1100 νεύει
939 1032 1073 1116 μᾶλλον
1094 1033 1117 1118 ἢ
1141 1034 1197 1100 ἐπὶ
1219 1033 1383 1118 τᾶρσενας

484 1136 565 1225 (Β).
606 1140 694 1206 ὅπου
717 1145 851 1225 προσῆν
874 1140 914 1206 τὸ
937 1140 1075 1223 κάλλος,
1099 1140 1306 1226 ἀμφιδέξιος.

402 1248 440 1314 Iu
463 1249 608 1330 pedestri
632 1249 777 1315 oratione
802 1253 892 1316 extat
915 1250 1001 1331 apud
1020 1249 1263 1332 Hippocratem,
1288 1250 1347 1334 άφ.
1365 1252 1435 1318 VH.
1453 1254 1505 1334 43,
1531 1253 1567 1318 L.

295 1355 350 1422 IV.
370 1358 443 1422 588.
478 1356 561 1439 γυνη
586 1354 782 1440 ἀμφιδέξιος
805 1356 846 1422 ού
870 1359 1004 1439 γίνεται.
1052 1357 1140 1436 Quae
1162 1358 1262 1424 verba
1285 1377 1344 1439 per
1372 1377 1407 1424 se
1432 1359 1570 1426 obscura

296 1464 459 1531 Baccheus
483 1465 569 1548 apud
592 1464 793 1544 Erotiauum,
816 1484 847 1547 p.
865 1465 955 1530 43.3
979 1465 1025 1531 sic
1050 1465 1203 1548 explicat:

402 1570 568 1653 Βακχεῖδς
592 1587 696 1656 φησιν
717 1570 1012 1655 άμφοτεροδέξιος,
1037 1571 1086 1652 ὡς
1102 1572 1265 1655 ἀμφήκης
1280 1571 1300 1637 ὁ
1317 1571 1571 1656 ἀμφοτέρωθεν

296 1679 517 1763 ἠκονημένας.
550 1679 659 1763 σαφὲς
682 1677 714 1744 δ’
735 1678 818 1744 αύτὸ
843 1685 936 1744 ποιεῖ
958 1679 977 1744 δ
1000 1677 1189 1762 Εὐριπίδης
1212 1678 1249 1744 έν
1270 1677 1458 1762 Ἱππολύτῳ
1482 1681 1569 1765 (vide

297 1787 408 1869 supra)
438 1784 547 1868 λέγων
575 1784 773 1870 ἀμφιδέξιον
803 1785 943 1870 σίδηρον
967 1785 1043 1852 ἀντί
1064 1791 1127 1853 τοῦ
1151 1785 1367 1870 έκατέρωδεν
1389 1788 1569 1869 τέμνοντα.

297 1894 315 1959 ὁ
332 1891 370 1958 δέ
390 1890 612 1976 Ἱπποκράτης
628 1893 691 1959 ούκ
707 1893 762 1958 ἐπὶ
777 1897 838 1959 τού
855 1892 1047 1977 ἀμφηκους,
1073 1893 1151 1961 ἀλλ’
1171 1895 1235 1960 ἐπὶ
1255 1898 1328 1960 τοῦ
1344 1893 1571 1977 εύχρήστου

296 1999 428 2066 τίδεται
450 2002 537 2067 κατ’
563 1999 775 2084 ἀμφύτερα
797 2000 846 2068 τὰ
869 2003 982 2085 μέρη.
1019 2000 1168 2069 διδάσκει
1191 2001 1303 2068 δὲκαὶ
1322 2000 1341 2066 ὁ
1362 2002 1506 2085 ποιητὴς
1530 2001 1570 2067 τὸ

295 2108 342 2191 μὴ
366 2106 450 2174 κακά’
474 2106 512 2174 ἓν
533 2108 641 2190 μόνον
663 2109 768 2192 μέρος
791 2107 977 2192 εὔχρηστον
1000 2107 1232 2192 περιδέξιον
1254 2106 1372 2190 λέγων.
1420 2106 1465 2196 (Φ
1483 2106 1571 2195 163.)

295 2215 390 2298 ἥρως
418 2211 670 2298 Ἀστεροπαῖος,
699 2213 772 2280 ἐπεὶ
799 2213 983 2299 περιδέξως
1009 2215 1078 2300 ἦεν.
1127 2214 1255 2299 ὁμοίως
1276 2215 1376 2281 καίὸ
1406 2213 1574 2297 Ἱππῶνάξ

278 2322 371 2406 ¹(frg.
389 2323 441 2391 83.
461 2323 493 2408 2)
525 2339 641 2406 φησιν·
682 2321 880 2405 ἀμφιδέξιος
908 2323 971 2406 γάρ
1000 2324 1067 2406 είμι
1093 2322 1177 2406 κούχ
1206 2322 1392 2406 ἁμαρτάνω
1420 2322 1571 2388 κόπτων.

296 2431 463 2514 μέμνηται
486 2431 543 2495 καί
571 2427 754 2514 Ἡρόδοτος
775 2433 837 2512 τῆς
859 2427 999 2512 λέξεως·
1042 2432 1093 2515 (V.
1112 2433 1154 2496 92
1167 2432 1207 2515 ε.)
1238 2428 1412 2515 <Κυφέίῳ
1440 2429 1572 2510 ἐγένετο

298 2535 495 2620 ἀμφιδέξιον
520 2539 725 2621 χρηστήριον
749 2538 786 2603 έν
809 2536 1004 2621 Δελφοῖσι>.
1044 2535 1098 2603 δεῖ
1121 2536 1183 2602 οὗν
1214 2537 1350 2603 ἀκούειν
1372 2540 1434 2602 τού
1463 2534 1572 2603 Ἱππο-

296 2645 443 2727 κράτους
465 2643 634 2727 ίέγοντος,
663 2644 714 2711 ὅτι
737 2646 820 2729 γυνη
844 2651 922 2711 κατ’
947 2645 1127 2729 ἀμφότερα
1149 2644 1192 2712 τὰ
1214 2647 1301 2729 μέρη
1324 2648 1386 2711 τοῦ
1411 2646 1572 2728 σώματος

296 2752 359 2817 ούκ
387 2751 477 2817 ἔστιν
500 2751 694 2837 εὔχρηστος.
734 2753 774 2818 ού
797 2752 861 2835 γὰρ
878 2751 1062 2837 εὔχρηστος
1078 2752 1114 2818 έν
1130 2757 1179 2836 τῷ
1197 2753 1344 2835 ἐνεργεῖν
1358 2752 1437 2832 ἐστι,
1462 2751 1571 2817 καδά-

295 2878 359 2943 περ
383 2857 508 2924 πολλοί
530 2863 600 2925 τῶν
624 2858 770 2943 ἀνδρῶν.
812 2858 888 2925 occ
903 2857 1073 2942 Γλαυκίας
1096 2862 1210 2943 φησίν,
1234 2857 1287 2924 ὅτι
1309 2857 1349 2924 τὸ
1374 2857 1572 2942 ἀμφιδέξιον

295 2964 387 3031 ούτω
413 2966 478 3049 χρὴ
507 2965 652 3047 ἀκούειν,
682 2966 731 3048 ὡς
758 2968 806 3049 είς
835 2966 879 3032 τά
906 2965 997 3049 δεξιά
1021 2969 1108 3050 μέρη
1132 2972 1194 3050 τῆς
1215 2966 1361 3049 ύστέρας
1384 2965 1425 3031 ού
1448 2967 1573 3048 γίνεται

297 3078 485 3154 γυναικεῖον
509 3077 610 3157 σῶμα
633 3072 688 3139 διὰ
710 3073 750 3139 τὸ
772 3072 893 3156 τὰμὲν
910 3071 1036 3156 ἄρρενα
1052 3074 1089 3139 ἐν
1104 3080 1178 3155 τοῖς
1193 3072 1323 3155 δεξιοῖς,
1347 3072 1391 3138 τὰ
1406 3071 1444 3138 δέ
1459 3071 1572 3156 δήλεα

297 3180 334 3245 έν
363 3186 437 3262 τοῖς
469 3179 667 3265 ἀριστεροῖς.
715 3180 806 3264 πλὴν
834 3181 897 3247 ούκ
926 3179 1044 3264 ὀρδῶς
1073 3180 1286 3264 ἀπεφήνατο.
1332 3183 1408 3261 πῶς
1434 3178 1497 3262 γάρ
1527 3178 1573 3261 ἦν

297 3285 421 3372 δίδυμα
444 3286 465 3370 ἢ
489 3286 635 3371 τρίδυμα
658 3291 779 3371 γεννᾷν
801 3288 865 3371 τὴν
887 3293 1032 3370 γυναῖκα
1039 3309 1050 3369 ;

402 3397 566 3475 Quomodo
601 3397 716 3464 mulier
746 3397 851 3480 possit
882 3396 990 3463 uocari
1023 3415 1103 3479 „par
1138 3398 1170 3462 in
1206 3400 1377 3478 utramque
1411 3398 1571 3477 pertem“,

296 3504 359 3569 iam
395 3504 536 3587 antiquis
572 3504 702 3572 dubium
736 3505 813 3587 fuit,
854 3503 891 3569 cf.
921 3503 1008 3571 Sext.
1034 3505 1104 3570 adv.
1134 3504 1198 3585 log.
1225 3503 1251 3571 Ι.
1279 3505 1330 3585 50,
1370 3503 1454 3568 Plut.
1489 3521 1570 3569 mor.

296 3632 328 3695 p.
346 3612 463 3693 905E,
493 3613 589 3679 eliter
619 3612 1010 3679 Galeu.tom.XVIII.1
1036 3631 1068 3694 p.
1089 3614 1149 3676 147
1175 3611 1299 3695 (Kuhu)
1327 3612 1360 3675 in
1392 3611 1571 3676 commod

240 3758 241 3761 =
296 3721 355 3786 loc.
372 3720 525 3803 Hippocr.
551 3724 586 3786 et
608 3721 641 3785 in
663 3721 726 3788 lex.
750 3721 904 3803 Hippocr.
943 3719 981 3786 Id
1003 3737 1062 3801 pro
1087 3725 1175 3786 certo
1200 3737 1270 3785 cum
1287 3717 1431 3784 Baccheo
1456 3720 1570 3783 statui·

297 3847 367 3894 mus
391 3846 500 3893 vocem
525 3825 722 3911 ἀμφιδέξιος
744 3829 864 3895 tralato
889 3825 1072 3910 significare
1095 3825 1281 3910 εὔχρηστον
1295 3826 1373 3891 κατ’
1392 3823 1572 3907 ἀμφότερα

297 3933 340 4000 τὰ
361 3936 457 4018 μέρη.

403 4043 472 4109 Vox
495 4043 528 4107 iu
551 4042 737 4108 hexametro
761 4042 865 4107 locum
890 4061 953 4108 uon
978 4041 1076 4107 hahet
1098 4046 1234 4124 propter
1250 4059 1443 4121 mensuram,
1469 4035 1570 4122 quare

297 4151 472 4216 Homerum
495 4150 600 4216 miuus
624 4154 774 4216 accurate
796 4147 983 4233 περιδέξιος
1006 4149 1125 4215 dixisse
1148 4155 1274 4231 putent.
1322 4149 1413 4228 Quod
1436 4146 1573 4213 uocabu-

297 4258 363 4322 lum
387 4259 573 4340 ceteroquin
596 4261 653 4323 aut
674 4254 768 4339 μάλα
788 4253 897 4337 δεξιόν
919 4255 1091 4339 siguificat,
1115 4258 1202 4323 uelut
1224 4255 1389 4339 Aristoph.
1413 4253 1488 4321 nub.
1506 4257 1571 4319 949

298 4364 383 4432 chor.
408 4367 471 4429 νῦν
494 4362 640 4447 δείξετον
663 4363 713 4429 τὼ
743 4363 875 4428 πισύνω
903 4369 978 4445 τοῖς
1000 4361 1212 4447 περιδεξίοισι
1236 4362 1366 4445 λόγοισι
1387 4362 1444 4427 καί
1468 4381 1572 4445 φρον-

297 4473 364 4537 τίσι
482 4478 539 4539 aut
565 4472 612 4554 id,
648 4473 734 4555 quod
756 4472 834 4554 περί
855 4475 898 4555 τῇ
923 4470 1014 4553 δεξιᾷ
1043 4472 1177 4554 geritur,
1208 4473 1382 4552 armillam,
1413 4476 1451 4537 ut
1473 4470 1571 4536 LXX.

298 4578 397 4644 Exod.
413 4581 466 4644 35.
484 4582 536 4660 22,
561 4580 654 4648 Num.
672 4581 724 4646 31.
742 4582 793 4661 50,
817 4579 879 4647 Ios.
897 4579 926 4645 3.
944 4581 996 4661 20,
1020 4580 1125 4647 Fiiud-
1137 4580 1247 4646 Petrie
1270 4579 1348 4662 Pop.
1363 4578 1406 4661 Π,
1427 4597 1571 4661 prooem.
