3475 5250
686 242 905 304 ...73-

159 419 292 486 cissimis
317 418 405 486 Eleis
430 419 535 486 titulis
560 419 661 500 γόνος
689 437 786 486 sensu
814 422 942 504 poetico
967 421 1164 505 conspicitur
1189 423 1275 492 G.·B.
1303 429 1436 492 1153.3

157 523 262 592 αὐτὸν
296 525 354 591 καὶ
387 527 490 608 γόνον
524 525 591 612 (VI.
628 527 725 614 saec.)
762 534 795 595 et
832 530 1135 596 1161.4=1GA.
1172 534 1237 596 552
1274 532 1335 599 τὸν
1370 533 1439 600 ἀπὸ

156 631 309 717 Σφίγγας
331 634 435 716 γόνον
458 636 581 719 (aetate
604 636 657 702 vix
680 637 886 720 recentiore).
933 639 1067 721 Integra
1096 640 1140 705 sit
1163 658 1226 720 res,
1256 648 1365 708 utrum
1388 643 1441 707 hic

20 781 22 844 g
156 734 232 808 usus
256 743 356 808 Eleae
385 743 523 808 dialecto
559 763 599 808 an
624 745 772 827 poeticae
796 747 1021 813 consuetudini
1050 747 1243 814 tribuendus
1277 749 1331 814 sit.
1376 750 1442 814 De·

156 849 254 932 nique
289 851 323 915 in
358 851 470 933 lingua
494 853 653 918 communi
679 853 753 918 inde
778 853 819 918 ah
843 853 1021 920 Aristotele
1056 859 1089 920 et
1124 856 1232 937 proles
1262 861 1296 920 et
1330 875 1440 922 semen

20 999 21 1054 3
153 957 257 1038 γόνος
273 964 417 1026 vocatur.
442 957 598 1026 (lanieras
615 960 752 1026 indicem
770 961 1013 1028 Aristotelicum
1028 961 1180 1040 Bonitnii,
1210 961 1440 1028 Plutarcheum
1510 991 1513 994 ⁴

20 1057 21 1062 ’
156 1065 411 1149 Wytternbachii3
436 1068 469 1133 in
487 1067 702 1151 Septuaginta
717 1089 778 1135 vox
795 1074 903 1136 exstat
925 1069 1001 1135 Lev.
1021 1070 1071 1137 15.
1090 1072 1120 1151 9,
1138 1070 1195 1137 ΙΙΙ.
1221 1071 1321 1136 Mace.
1341 1070 1370 1134 5.
1385 1072 1438 1152 31,

155 1173 211 1240 ubi
247 1174 394 1242 derivata
429 1195 556 1260 quoque
580 1177 780 1259 γογοποιέω,
805 1177 988 1261 γονόρροια
1011 1177 1081 1245 sim.
1107 1177 1326 1244 inveniuntur.

684 1443 908 1512 ΠΟΡΘΜΟΣ.

263 1622 333 1688 Hac
363 1627 403 1690 de
431 1641 508 1690 voce
533 1622 679 1690 conferas
703 1624 910 1692 Wittelrindii
934 1644 965 1708 p.
992 1627 1044 1704 29,
1079 1623 1302 1690 Rutherfordii
1327 1645 1360 1706 p.
1388 1625 1440 1705 12,

156 1734 223 1796 not.
250 1731 269 1794 3
296 1736 384 1813 etp.
409 1733 462 1798 20.
510 1733 599 1810 Quae
623 1751 695 1798 cum
718 1734 825 1816 prima
848 1733 942 1800 nobis
966 1738 1116 1799 occurrat
1131 1738 1165 1800 et
1189 1733 1276 1815 apud
1298 1732 1442 1812 tragicos

155 1842 270 1920 poetas
306 1844 340 1905 et
374 1840 459 1922 apud
484 1839 701 1923 Thucydidem
727 1841 831 1924 obvia,
867 1840 1022 1924 postulat,
1058 1845 1096 1907 ut
1124 1841 1194 1906 eius
1229 1840 1320 1923 origo
1345 1858 1441 1923 quam

20 2033 21 2038 ἵ
156 1947 399 2013 accuratissime
423 1947 620 2015 enucleetur.

264 2051 436 2138 Hopdpdg
451 2057 538 2140 apud
553 2055 729 2123 Homerum
754 2054 773 2121 d
791 2058 866 2138 671,
891 2078 910 2120 ο
928 2059 969 2122 29
994 2057 1112 2124 fretum
1129 2062 1180 2123 est
1195 2057 1282 2123 inter
1297 2056 1443 2122 Ithacam

20 2187 22 2264 γ
158 2167 192 2228 et
216 2161 346 2229 Samum
370 2163 478 2244 situm,
514 2165 601 2230 unde
624 2169 734 2246 nauta,
771 2165 827 2247 qui
850 2170 942 2230 trans
970 2163 1089 2230 fretum
1113 2165 1183 2231 sive
1205 2162 1352 2230 homines
1375 2165 1444 2231 sive

20 2265 22 2290 ³
156 2290 209 2337 res
234 2272 425 2353 transvehit,
449 2278 583 2339 vocatur
606 2293 627 2336 o
654 2274 716 2338 187
741 2270 935 2355 aopdpedg:
961 2270 1144 2357 πορθμῆες
1159 2270 1192 2336 d’
1220 2269 1288 2353 ἄρα
1312 2271 1393 2351 τούς
1409 2293 1445 2354 γε

157 2376 327 2461 διήγαγον.
373 2379 489 2462 Itaque
513 2400 577 2446 non
602 2380 733 2448 dubium
757 2386 817 2463 est,
854 2380 932 2463 quin
961 2379 1173 2462 veriloquium
1200 2380 1376 2461 petendum
1400 2379 1444 2445 sit

157 2485 210 2571 (cf.
236 2486 424 2553 Prellwitzii
449 2489 527 2573 lex.)
563 2509 583 2556 a
618 2490 717 2557 verbo
741 2491 850 2572 astoer
887 2489 941 2568 „in
978 2488 1148 2554 adversam
1182 2492 1308 2569 partem
1337 2492 1444 2553 trans·

158 2595 322 2680 gredior“,
340 2598 425 2664 unde
441 2596 631 2681 capripes
639 2598 665 2683 1)
682 2599 773 2665 locus
790 2602 935 2679 vocatur,
953 2597 987 2662 in
1004 2615 1066 2680 qno
1083 2595 1280 2663 transvectio
1297 2595 1351 2661 sit.
1375 2593 1446 2659 Hac

157 2703 395 2787 significatione
418 2706 579 2772 instructa
612 2727 673 2775 vox
696 2708 804 2791 prisca
829 2706 963 2773 Graecis
993 2704 1171 2771 communis
1194 2703 1266 2784 luit,
1301 2704 1336 2769 id
1359 2703 1445 2785 qnod

20 2784 21 2841 l
157 2812 297 2895 primum
322 2814 452 2897 quidem
468 2816 650 2882 nominibus
674 2815 814 2899 propriis
831 2814 1089 2895 demonstratum
1113 2819 1240 2879 namet
1263 2812 1296 2877 in
1313 2810 1447 2877 Euboea

20 2932 21 2945 ¹
157 2916 331 3003 Hopdpdg
353 2922 409 2987 illo
433 2922 503 2989 loco
528 2928 608 3005 erat,
633 2924 689 2990 uhi
713 2923 821 3006 Oropo
845 2924 879 2988 in
908 2922 1045 2988 insulam
1071 2919 1374 3001 transvehebantur,
1413 2923 1447 2984 et

159 3025 317 3110 carpathi
353 3030 385 3095 in
410 3030 536 3097 insulae
561 3032 812 3114 septentrionali
836 3036 941 3114 parte,
977 3030 1034 3097 ubi
1058 3034 1197 3111 angusto
1220 3027 1306 3093 'freto
1340 3026 1447 3093 insula

160 3134 258 3203 Saros
282 3139 472 3220 secernitur,
497 3139 656 3206 Poseidon
681 3136 866 3223 Hdodprog
889 3139 1046 3206 adoratus
1070 3143 1131 3219 est,
1156 3136 1247 3203 cuius
1270 3137 1319 3202 rei
1344 3139 1447 3202 testes

160 3250 237 3309 sunt
260 3243 489 3328 inscriptiones
517 3248 573 3316 lG.
599 3248 670 3315 ΧΗ.
700 3252 726 3313 1.
756 3249 987 3314 1031-1036.
1034 3247 1212 3312 Praeterea
1240 3263 1343 3327 prope
1365 3242 1446 3309 Bos·

159 3370 275 3433 porum
301 3352 507 3420 Cimmerium
531 3352 721 3439 llopdppla
749 3356 813 3422 sita
837 3360 941 3435 erant,
973 3372 1056 3439 quac
1080 3358 1222 3419 testatur
1244 3352 1365 3418 Herod.
1390 3349 1446 3416 IV.

163 3460 215 3539 12,
240 3462 292 3527 45.
340 3460 459 3528 Verum
485 3464 583 3528 etiam
607 3463 640 3527 in
657 3462 767 3529 Sicilia
782 3462 902 3546 floruit,
927 3462 989 3527 etsi
1013 3460 1106 3528 valde
1128 3459 1260 3526 dubium
1284 3463 1345 3541 est,
1369 3476 1446 3523 num

160 3566 279 3633 fretum
304 3567 446 3635 Siculum
470 3590 584 3637 revera
618 3577 655 3635 ut
679 3590 698 3635 a
721 3571 827 3653 poetis
851 3569 899 3635 ita
934 3569 974 3634 ab
1016 3568 1130 3633 incolis
1166 3566 1367 3649 appellatum
1402 3566 1448 3632 sit

161 3672 334 3759 πορθμός.
382 3678 593 3763 Empedocles
618 3684 726 3745 autem
749 3678 810 3762 frg.
838 3678 983 3759 100.10,
1012 3676 1099 3741 171).
1138 3676 1255 3742 collum
1284 3673 1446 3755 horologii

163 3784 289 3866 aqualis
313 3786 361 3851 ita
384 3792 480 3854 vocat
509 3793 645 3871 propter
674 3787 851 3869 angustias,
889 3785 1017 3869 qualem
1042 3802 1171 3849 sensnm
1195 3784 1284 3850 solus
1308 3782 1448 3849 omnium

163 3892 359 3975 scriptorum
393 3893 511 3961 afreti
536 3896 695 3979 angustiis
719 3892 899 3961 transtulit.
946 3892 983 3958 Id
1018 3892 1099 3958 adeo
1124 3892 1290 3976 singulare
1315 3896 1374 3967 est,
1410 3894 1449 3955 ut

162 3998 270 4065 facere
294 4021 357 4067 non
375 4003 545 4085 possimus,
570 4004 646 4087 quin
670 4003 756 4069 hanc
779 4002 820 4069 ob
846 4020 976 4068 causam
993 4020 1104 4068 vocem
1120 4000 1348 4067 Siceliotarum
1373 4018 1447 4067 con·

152 4110 330 4175 nsuetudini
353 4111 562 4178 vindicemus.

271 4219 389 4285 Aetate
416 4220 612 4303 procedente
648 4237 710 4286 vox
745 4219 878 4301 eiusque
907 4216 1055 4283 derivata
1089 4216 1175 4299 apud
1197 4214 1293 4283 Iones
1328 4216 1362 4281 in
1386 4235 1448 4282 usu

164 4327 330 4394 remansit.
378 4324 430 4393 Sic
453 4328 638 4394 Herodotus
662 4326 791 4412 fretum,
828 4325 913 4408 quod
938 4330 990 4391 est
1023 4325 1110 4390 inter
1133 4324 1273 4390 Atticam
1299 4328 1333 4390 et
1356 4323 1448 4391 Sala·

277 4562 296 4631 ¹)
316 4558 356 4615 De
375 4558 472 4615 suffixo
491 4566 574 4631 dpo-
594 4558 628 4615 cl.
648 4558 814 4631 Bragmann,
833 4574 874 4629 gr.
895 4558 1013 4614 Gramm.
1034 4556 1048 4626 ξ
1069 4558 1127 4613 184.
