<?xml version="1.0" encoding="UTF-8"?>
<!DOCTYPE html PUBLIC "-//W3C//DTD XHTML 1.0 Transitional//EN"
    "http://www.w3.org/TR/xhtml1/DTD/xhtml1-transitional.dtd">
<html xmlns="http://www.w3.org/1999/xhtml" xml:lang="en" lang="en">
 <head>
  <title>
</title>
<meta http-equiv="Content-Type" content="text/html;charset=utf-8" />
  <meta name='ocr-system' content='tesseract 3.04.00' />
  <meta name='ocr-capabilities' content='ocr_page ocr_carea ocr_par ocr_line ocrx_word'/>
</head>
<body>
  <div class='ocr_page' id='page_1' title='image "./deaeschylicopia02alygoog_0041.png"; bbox 0 0 3475 5250; ppageno 0'>
   <div class='ocr_carea' id='block_1_1' title="bbox 674 312 896 378">
    <p class='ocr_par' dir='ltr' id='par_1_1' title="bbox 674 312 896 378">
     <span class='ocr_line' id='line_1_1' title="bbox 674 312 896 378; baseline 0 -18"><span class='ocrx_word' id='word_1_1' title='bbox 674 312 896 378; x_wconf 63' lang='lat'>...31-</span> 
     </span>
    </p>
   </div>
   <div class='ocr_carea' id='block_1_2' title="bbox 60 488 1433 4337">
    <p class='ocr_par' dir='ltr' id='par_1_2' title="bbox 134 488 1417 792">
     <span class='ocr_line' id='line_1_2' title="bbox 134 488 1417 576; baseline -0.005 -16"><span class='ocrx_word' id='word_1_2' title='bbox 134 493 297 575; x_wconf 82' lang='grc' dir='ltr'><strong><em>παιὸείας</em></strong></span> <span class='ocrx_word' id='word_1_3' title='bbox 330 493 478 576; x_wconf 90' lang='lat' dir='ltr'>opponit:</span> <span class='ocrx_word' id='word_1_4' title='bbox 515 489 613 575; x_wconf 77' lang='grc' dir='ltr'><strong><em>ὑμεῖς</em></strong></span> <span class='ocrx_word' id='word_1_5' title='bbox 641 490 679 556; x_wconf 78' lang='grc' dir='ltr'>δὲ</span> <span class='ocrx_word' id='word_1_6' title='bbox 708 490 914 573; x_wconf 77' lang='grc' dir='ltr'><strong><em>εὐσχήμονές</em></strong></span> <span class='ocrx_word' id='word_1_7' title='bbox 941 507 1029 569; x_wconf 91' lang='grc' dir='ltr'><strong><em>τινες</em></strong></span> <span class='ocrx_word' id='word_1_8' title='bbox 1056 488 1303 570; x_wconf 70' lang='grc' dir='ltr'><strong><em>προσποιεῖσθε</em></strong></span> <span class='ocrx_word' id='word_1_9' title='bbox 1331 488 1417 554; x_wconf 84' lang='grc' dir='ltr'><strong><em>εἶναι</em></strong></span> 
     </span>
     <span class='ocr_line' id='line_1_3' title="bbox 135 595 1417 684; baseline -0.004 -17"><span class='ocrx_word' id='word_1_10' title='bbox 135 604 197 668; x_wconf 85' lang='grc' dir='ltr'>καὶ</span> <span class='ocrx_word' id='word_1_11' title='bbox 219 602 510 684; x_wconf 78' lang='grc' dir='ltr'><strong><em>περιφρονοῦντες</em></strong></span> <span class='ocrx_word' id='word_1_12' title='bbox 534 600 695 681; x_wconf 75' lang='grc' dir='ltr'><strong><em>ἱστορίᾳ</em></strong></span> <span class='ocrx_word' id='word_1_13' title='bbox 719 595 780 662; x_wconf 89' lang='grc' dir='ltr'><strong><em>τὸν</em></strong></span> <span class='ocrx_word' id='word_1_14' title='bbox 803 595 923 682; x_wconf 78' lang='grc' dir='ltr'><strong><em>δῆμον,</em></strong></span> <span class='ocrx_word' id='word_1_15' title='bbox 947 599 1001 663; x_wconf 92' lang='lat' dir='ltr'>ubi</span> <span class='ocrx_word' id='word_1_16' title='bbox 1023 616 1084 664; x_wconf 84' lang='lat' dir='ltr'>uox</span> <span class='ocrx_word' id='word_1_17' title='bbox 1099 595 1167 663; x_wconf 88' lang='lat' dir='ltr'>iere</span> <span class='ocrx_word' id='word_1_18' title='bbox 1183 597 1417 678; x_wconf 83' lang='lat' dir='ltr'>‚,eruditiouis“</span> 
     </span>
     <span class='ocr_line' id='line_1_4' title="bbox 138 709 433 792; baseline 0 -15"><span class='ocrx_word' id='word_1_19' title='bbox 138 729 274 777; x_wconf 89' lang='lat' dir='ltr'>sensum</span> <span class='ocrx_word' id='word_1_20' title='bbox 298 709 433 792; x_wconf 84' lang='lat' dir='ltr'>accepit.</span> 
     </span>
    </p>

    <p class='ocr_par' dir='ltr' id='par_1_3' title="bbox 60 811 1426 2507">
     <span class='ocr_line' id='line_1_5' title="bbox 248 811 1419 899; baseline -0.005 -17"><span class='ocrx_word' id='word_1_21' title='bbox 248 818 387 884; x_wconf 84' lang='lat' dir='ltr'>Restant</span> <span class='ocrx_word' id='word_1_22' title='bbox 417 833 520 899; x_wconf 89' lang='lat' dir='ltr'>pauca</span> <span class='ocrx_word' id='word_1_23' title='bbox 554 819 686 881; x_wconf 90' lang='lat' dir='ltr'>nostrae</span> <span class='ocrx_word' id='word_1_24' title='bbox 715 815 827 897; x_wconf 86' lang='lat' dir='ltr'><strong>stirpis</strong></span> <span class='ocrx_word' id='word_1_25' title='bbox 857 814 1017 880; x_wconf 82' lang='lat' dir='ltr'>derivata:</span> <span class='ocrx_word' id='word_1_26' title='bbox 1052 813 1161 892; x_wconf 87' lang='lat' dir='ltr'>Plato,</span> <span class='ocrx_word' id='word_1_27' title='bbox 1198 811 1294 894; x_wconf 90' lang='lat' dir='ltr'>Soph.</span> <span class='ocrx_word' id='word_1_28' title='bbox 1321 811 1419 876; x_wconf 74' lang='grc'>2672</span> 
     </span>
     <span class='ocr_line' id='line_1_6' title="bbox 141 917 1420 1008; baseline -0.006 -18"><span class='ocrx_word' id='word_1_29' title='bbox 141 923 241 1008; x_wconf 88' lang='grc' dir='ltr'><strong><em>ὅμως</em></strong></span> <span class='ocrx_word' id='word_1_30' title='bbox 265 922 302 989; x_wconf 81' lang='lat' dir='ltr'>ot</span> <span class='ocrx_word' id='word_1_31' title='bbox 325 921 389 988; x_wconf 83' lang='grc' dir='ltr'>κᾶν</span> <span class='ocrx_word' id='word_1_32' title='bbox 413 921 442 986; x_wconf 88' lang='grc' dir='ltr'>εί</span> <span class='ocrx_word' id='word_1_33' title='bbox 453 919 706 1004; x_wconf 81' lang='grc' dir='ltr'><strong><em>τολμηρότερον</em></strong></span> <span class='ocrx_word' id='word_1_34' title='bbox 730 918 889 1003; x_wconf 78' lang='grc' dir='ltr'><strong><em>είρῆσιὶαι</em></strong></span> <span class='ocrx_word' id='word_1_35' title='bbox 912 917 1127 1002; x_wconf 78' lang='grc' dir='ltr'><em>διαγνώσεως</em></span> <span class='ocrx_word' id='word_1_36' title='bbox 1150 917 1249 983; x_wconf 79' lang='grc' dir='ltr'><strong><em>ἕνεκα</em></strong></span> <span class='ocrx_word' id='word_1_37' title='bbox 1271 917 1334 1000; x_wconf 80' lang='grc' dir='ltr'><strong><em>τὴν</em></strong></span> <span class='ocrx_word' id='word_1_38' title='bbox 1356 919 1420 1001; x_wconf 85' lang='grc' dir='ltr'>μέν</span> 
     </span>
     <span class='ocr_line' id='line_1_7' title="bbox 139 1023 1419 1114; baseline -0.005 -18"><span class='ocrx_word' id='word_1_39' title='bbox 139 1031 229 1114; x_wconf 82' lang='grc' dir='ltr'><strong><em>μετὰ</em></strong></span> <span class='ocrx_word' id='word_1_40' title='bbox 254 1029 356 1113; x_wconf 75' lang='grc' dir='ltr'><strong><em>δόξης</em></strong></span> <span class='ocrx_word' id='word_1_41' title='bbox 376 1032 518 1112; x_wconf 78' lang='grc' dir='ltr'><strong><em>μίμησιν</em></strong></span> <span class='ocrx_word' id='word_1_42' title='bbox 543 1025 804 1111; x_wconf 81' lang='grc' dir='ltr'><strong><em>ὄοξομιμητιιιὴν</em></strong></span> <span class='ocrx_word' id='word_1_43' title='bbox 827 1029 1077 1110; x_wconf 72' lang='grc' dir='ltr'><strong><em>προσείπωμεν,</em></strong></span> <span class='ocrx_word' id='word_1_44' title='bbox 1101 1027 1164 1109; x_wconf 80' lang='grc' dir='ltr'><strong><em>τήν</em></strong></span> <span class='ocrx_word' id='word_1_45' title='bbox 1180 1023 1218 1090; x_wconf 78' lang='grc' dir='ltr'>δὲ</span> <span class='ocrx_word' id='word_1_46' title='bbox 1240 1031 1317 1107; x_wconf 88' lang='grc' dir='ltr'><strong><em>μετ’</em></strong></span> <span class='ocrx_word' id='word_1_47' title='bbox 1335 1025 1419 1090; x_wconf 87' lang='grc' dir='ltr'><strong><em>ε’πι-</em></strong></span> 
     </span>
     <span class='ocr_line' id='line_1_8' title="bbox 141 1132 1419 1221; baseline -0.004 -18"><span class='ocrx_word' id='word_1_48' title='bbox 141 1139 301 1221; x_wconf 80' lang='grc' dir='ltr'><strong><em>στήμης</em></strong></span> <span class='ocrx_word' id='word_1_49' title='bbox 330 1137 538 1219; x_wconf 85' lang='grc' dir='ltr'><strong><em>ἱστορικήν</em></strong></span> <span class='ocrx_word' id='word_1_50' title='bbox 567 1153 642 1200; x_wconf 90' lang='grc' dir='ltr'><strong><em>τινα</em></strong></span> <span class='ocrx_word' id='word_1_51' title='bbox 669 1137 821 1218; x_wconf 91' lang='grc' dir='ltr'><strong><em>μίμησιν.</em></strong></span> <span class='ocrx_word' id='word_1_52' title='bbox 869 1136 930 1214; x_wconf 81' lang='lat' dir='ltr'>Qui</span> <span class='ocrx_word' id='word_1_53' title='bbox 954 1135 1143 1216; x_wconf 75' lang='grc' dir='ltr'><strong><em>ἐπιστήμην</em></strong></span> <span class='ocrx_word' id='word_1_54' title='bbox 1166 1135 1280 1215; x_wconf 88' lang='lat' dir='ltr'>habet,</span> <span class='ocrx_word' id='word_1_55' title='bbox 1314 1132 1419 1215; x_wconf 80' lang='grc' dir='ltr'><strong><em>ἵστωρ</em></strong></span> 
     </span>
     <span class='ocr_line' id='line_1_9' title="bbox 143 1240 1422 1327; baseline -0.005 -17"><span class='ocrx_word' id='word_1_56' title='bbox 143 1253 204 1324; x_wconf 88' lang='lat' dir='ltr'>est,</span> <span class='ocrx_word' id='word_1_57' title='bbox 235 1247 376 1327; x_wconf 87' lang='grc' dir='ltr'><strong><em>μίμησις</em></strong></span> <span class='ocrx_word' id='word_1_58' title='bbox 403 1244 503 1326; x_wconf 86' lang='lat' dir='ltr'>igitur</span> <span class='ocrx_word' id='word_1_59' title='bbox 526 1247 602 1325; x_wconf 88' lang='grc' dir='ltr'><strong><em>μετ’</em></strong></span> <span class='ocrx_word' id='word_1_60' title='bbox 629 1241 816 1324; x_wconf 77' lang='grc' dir='ltr'><strong><em>ἐπιστήμης</em></strong></span> <span class='ocrx_word' id='word_1_61' title='bbox 839 1243 989 1325; x_wconf 84' lang='grc' dir='ltr'><strong><em>ἱστορικη</em></strong></span> <span class='ocrx_word' id='word_1_62' title='bbox 1014 1248 1154 1307; x_wconf 86' lang='lat' dir='ltr'>uocatur.</span> <span class='ocrx_word' id='word_1_63' title='bbox 1201 1240 1299 1307; x_wconf 86' lang='lat' dir='ltr'>Notio</span> <span class='ocrx_word' id='word_1_64' title='bbox 1323 1259 1422 1322; x_wconf 91' lang='lat' dir='ltr'>quae·</span> 
     </span>
     <span class='ocr_line' id='line_1_10' title="bbox 144 1345 1420 1430; baseline -0.006 -12"><span class='ocrx_word' id='word_1_65' title='bbox 144 1353 239 1418; x_wconf 91' lang='lat' dir='ltr'>rendi</span> <span class='ocrx_word' id='word_1_66' title='bbox 263 1353 297 1416; x_wconf 89' lang='lat' dir='ltr'>in</span> <span class='ocrx_word' id='word_1_67' title='bbox 321 1352 382 1416; x_wconf 89' lang='lat' dir='ltr'>hac</span> <span class='ocrx_word' id='word_1_68' title='bbox 405 1370 448 1416; x_wconf 90' lang='lat' dir='ltr'>sc.</span> <span class='ocrx_word' id='word_1_69' title='bbox 474 1351 582 1415; x_wconf 86' lang='lat' dir='ltr'>Attica</span> <span class='ocrx_word' id='word_1_70' title='bbox 605 1367 682 1415; x_wconf 81' lang='lat' dir='ltr'>voce</span> <span class='ocrx_word' id='word_1_71' title='bbox 711 1369 785 1414; x_wconf 90' lang='lat' dir='ltr'>non</span> <span class='ocrx_word' id='word_1_72' title='bbox 809 1350 904 1414; x_wconf 90' lang='lat' dir='ltr'>inest.</span> <span class='ocrx_word' id='word_1_73' title='bbox 950 1349 1104 1430; x_wconf 91' lang='lat' dir='ltr'>Hippocr.</span> <span class='ocrx_word' id='word_1_74' title='bbox 1129 1367 1164 1416; x_wconf 93' lang='grc' dir='ltr'>π.</span> <span class='ocrx_word' id='word_1_75' title='bbox 1189 1368 1283 1414; x_wconf 82' lang='lat' dir='ltr'>novo.</span> <span class='ocrx_word' id='word_1_76' title='bbox 1308 1345 1344 1411; x_wconf 77' lang='grc' dir='ltr'>δ’</span> <span class='ocrx_word' id='word_1_77' title='bbox 1368 1348 1420 1426; x_wconf 91' lang='grc'>56,</span> 
     </span>
     <span class='ocr_line' id='line_1_11' title="bbox 145 1453 1422 1538; baseline -0.006 -13"><span class='ocrx_word' id='word_1_78' title='bbox 145 1461 181 1526; x_wconf 87' lang='lat' dir='ltr'>L.</span> <span class='ocrx_word' id='word_1_79' title='bbox 196 1459 269 1525; x_wconf 89' lang='lat' dir='ltr'>Vll.</span> <span class='ocrx_word' id='word_1_80' title='bbox 290 1460 353 1523; x_wconf 89' lang='grc'>606</span> <span class='ocrx_word' id='word_1_81' title='bbox 390 1456 477 1538; x_wconf 80' lang='grc' dir='ltr'><strong><em>λέγω</em></strong></span> <span class='ocrx_word' id='word_1_82' title='bbox 512 1454 550 1521; x_wconf 77' lang='grc' dir='ltr'>δὲ</span> <span class='ocrx_word' id='word_1_83' title='bbox 585 1456 789 1538; x_wconf 59' lang='grc' dir='ltr'><strong><em>ἱστόριαῙ),</em></strong></span> <span class='ocrx_word' id='word_1_84' title='bbox 826 1453 878 1520; x_wconf 89' lang='grc' dir='ltr'><strong><em>ὅτι</em></strong></span> <span class='ocrx_word' id='word_1_85' title='bbox 902 1454 941 1520; x_wconf 91' lang='grc' dir='ltr'><strong><em>τὸ</em></strong></span> <span class='ocrx_word' id='word_1_86' title='bbox 965 1453 1073 1520; x_wconf 91' lang='grc' dir='ltr'><strong><em>ποτὸν</em></strong></span> <span class='ocrx_word' id='word_1_87' title='bbox 1097 1455 1137 1521; x_wconf 83' lang='grc' dir='ltr'>οὐ</span> <span class='ocrx_word' id='word_1_88' title='bbox 1158 1456 1280 1538; x_wconf 87' lang='grc' dir='ltr'><strong><em>χωρέει</em></strong></span> <span class='ocrx_word' id='word_1_89' title='bbox 1303 1454 1339 1535; x_wconf 87' lang='grc' dir='ltr'>ἐς</span> <span class='ocrx_word' id='word_1_90' title='bbox 1361 1453 1422 1518; x_wconf 85' lang='grc' dir='ltr'><strong><em>τὸν</em></strong></span> 
     </span>
     <span class='ocr_line' id='line_1_12' title="bbox 147 1561 1421 1648; baseline -0.002 -17"><span class='ocrx_word' id='word_1_91' title='bbox 147 1565 324 1648; x_wconf 82' lang='grc' dir='ltr'><strong><em>πλεύμονα</em></strong></span> <span class='ocrx_word' id='word_1_92' title='bbox 444 1565 502 1629; x_wconf 86' lang='grc' dir='ltr'>καί</span> <span class='ocrx_word' id='word_1_93' title='bbox 536 1561 572 1628; x_wconf 85' lang='grc' dir='ltr'>ἓν</span> <span class='ocrx_word' id='word_1_94' title='bbox 594 1563 658 1646; x_wconf 84' lang='grc' dir='ltr'>μέν</span> <span class='ocrx_word' id='word_1_95' title='bbox 686 1567 788 1628; x_wconf 79' lang='grc' dir='ltr'><strong><em>τοῦτο</em></strong></span> <span class='ocrx_word' id='word_1_96' title='bbox 820 1563 1003 1646; x_wconf 87' lang='grc' dir='ltr'><strong><em>ἱστόριόν</em></strong></span> <span class='ocrx_word' id='word_1_97' title='bbox 1027 1563 1117 1628; x_wconf 85' lang='grc' dir='ltr'><strong><em>ἐστιν</em></strong></span> <span class='ocrx_word' id='word_1_98' title='bbox 1140 1562 1211 1628; x_wconf 84' lang='grc' dir='ltr'><strong><em>κτλ.</em></strong></span> <span class='ocrx_word' id='word_1_99' title='bbox 1246 1565 1316 1629; x_wconf 90' lang='lat' dir='ltr'>sim.</span> <span class='ocrx_word' id='word_1_100' title='bbox 1343 1562 1421 1628; x_wconf 87' lang='lat' dir='ltr'>ibid.</span> 
     </span>
     <span class='ocr_line' id='line_1_13' title="bbox 151 1666 1422 1756; baseline -0.001 -18"><span class='ocrx_word' id='word_1_101' title='bbox 151 1694 177 1756; x_wconf 89' lang='lat' dir='ltr'>p.</span> <span class='ocrx_word' id='word_1_102' title='bbox 195 1675 260 1740; x_wconf 90' lang='grc'>608</span> <span class='ocrx_word' id='word_1_103' title='bbox 285 1674 424 1755; x_wconf 86' lang='lat' dir='ltr'>saepius,</span> <span class='ocrx_word' id='word_1_104' title='bbox 449 1694 484 1736; x_wconf 93' lang='grc' dir='ltr'>π.</span> <span class='ocrx_word' id='word_1_105' title='bbox 507 1674 610 1753; x_wconf 78' lang='grc' dir='ltr'><strong><em>γονῆς</em></strong></span> <span class='ocrx_word' id='word_1_106' title='bbox 636 1674 664 1754; x_wconf 96' lang='grc'>1,</span> <span class='ocrx_word' id='word_1_107' title='bbox 689 1673 719 1751; x_wconf 88' lang='grc'>8,</span> <span class='ocrx_word' id='word_1_108' title='bbox 747 1673 796 1752; x_wconf 91' lang='grc'>13,</span> <span class='ocrx_word' id='word_1_109' title='bbox 822 1672 858 1737; x_wconf 91' lang='lat' dir='ltr'>L.</span> <span class='ocrx_word' id='word_1_110' title='bbox 875 1672 946 1740; x_wconf 92' lang='lat' dir='ltr'>VII.</span> <span class='ocrx_word' id='word_1_111' title='bbox 965 1674 1038 1751; x_wconf 89' lang='grc'>470,</span> <span class='ocrx_word' id='word_1_112' title='bbox 1063 1674 1138 1754; x_wconf 88' lang='grc'>482,</span> <span class='ocrx_word' id='word_1_113' title='bbox 1164 1673 1239 1751; x_wconf 89' lang='grc'>492,</span> <span class='ocrx_word' id='word_1_114' title='bbox 1269 1689 1305 1734; x_wconf 91' lang='grc' dir='ltr'>π.</span> <span class='ocrx_word' id='word_1_115' title='bbox 1329 1666 1422 1737; x_wconf 81' lang='grc' dir='ltr'><strong><em>παιὸ.</em></strong></span> 
     </span>
     <span class='ocr_line' id='line_1_14' title="bbox 150 1778 1423 1872; baseline -0.002 -27"><span class='ocrx_word' id='word_1_116' title='bbox 150 1780 227 1863; x_wconf 79' lang='lat' dir='ltr'>prio.</span> <span class='ocrx_word' id='word_1_117' title='bbox 248 1782 297 1856; x_wconf 88' lang='grc'>18,</span> <span class='ocrx_word' id='word_1_118' title='bbox 321 1780 440 1872; x_wconf 32' lang='grc'>111711.</span> <span class='ocrx_word' id='word_1_119' title='bbox 459 1780 521 1844; x_wconf 87' lang='grc'>502</span> <span class='ocrx_word' id='word_1_120' title='bbox 540 1781 664 1844; x_wconf 76' lang='grc'>41504.</span> <span class='ocrx_word' id='word_1_121' title='bbox 712 1779 860 1861; x_wconf 87' lang='grc' dir='ltr'><strong><em>ἱστόριον</em></strong></span> <span class='ocrx_word' id='word_1_122' title='bbox 884 1781 1152 1857; x_wconf 84' lang='lat' dir='ltr'>„documentum“</span> <span class='ocrx_word' id='word_1_123' title='bbox 1178 1786 1229 1844; x_wconf 89' lang='lat' dir='ltr'>est</span> <span class='ocrx_word' id='word_1_124' title='bbox 1251 1778 1423 1844; x_wconf 88' lang='lat' dir='ltr'>formatum</span> 
     </span>
     <span class='ocr_line' id='line_1_15' title="bbox 148 1887 1423 1970; baseline -0.002 -18"><span class='ocrx_word' id='word_1_125' title='bbox 148 1889 293 1970; x_wconf 87' lang='lat' dir='ltr'>astirpe</span> <span class='ocrx_word' id='word_1_126' title='bbox 319 1887 423 1969; x_wconf 85' lang='grc' dir='ltr'><strong><em>ἵστωρ</em></strong></span> <span class='ocrx_word' id='word_1_127' title='bbox 451 1887 596 1968; x_wconf 86' lang='lat' dir='ltr'>„testis“.</span> <span class='ocrx_word' id='word_1_128' title='bbox 644 1887 686 1951; x_wconf 85' lang='lat' dir='ltr'>Et</span> <span class='ocrx_word' id='word_1_129' title='bbox 720 1905 834 1952; x_wconf 88' lang='lat' dir='ltr'>revera</span> <span class='ocrx_word' id='word_1_130' title='bbox 870 1906 940 1953; x_wconf 92' lang='lat' dir='ltr'>cum</span> <span class='ocrx_word' id='word_1_131' title='bbox 974 1887 1034 1951; x_wconf 91' lang='lat' dir='ltr'>hac</span> <span class='ocrx_word' id='word_1_132' title='bbox 1063 1905 1139 1953; x_wconf 91' lang='lat' dir='ltr'>voce</span> <span class='ocrx_word' id='word_1_133' title='bbox 1168 1887 1423 1968; x_wconf 82' lang='lat' dir='ltr'>coniungendam</span> 
     </span>
     <span class='ocr_line' id='line_1_16' title="bbox 60 1993 1426 2077; baseline -0.003 -17"><span class='ocrx_word' id='word_1_134' title='bbox 60 2011 63 2018; x_wconf 85' lang='grc'><strong><em>’</em></strong></span> <span class='ocrx_word' id='word_1_135' title='bbox 149 2002 202 2061; x_wconf 94' lang='lat' dir='ltr'>est</span> <span class='ocrx_word' id='word_1_136' title='bbox 230 1996 368 2062; x_wconf 91' lang='lat' dir='ltr'>alterum</span> <span class='ocrx_word' id='word_1_137' title='bbox 397 1995 476 2059; x_wconf 89' lang='lat' dir='ltr'>illud</span> <span class='ocrx_word' id='word_1_138' title='bbox 506 1995 652 2075; x_wconf 82' lang='grc' dir='ltr'><strong><em>ἱστορεῖν</em></strong></span> <span class='ocrx_word' id='word_1_139' title='bbox 678 1995 866 2076; x_wconf 86' lang='lat' dir='ltr'>„probare“.</span> <span class='ocrx_word' id='word_1_140' title='bbox 916 1994 984 2060; x_wconf 90' lang='lat' dir='ltr'>Vll.</span> <span class='ocrx_word' id='word_1_141' title='bbox 1007 1997 1071 2060; x_wconf 87' lang='grc'>504</span> <span class='ocrx_word' id='word_1_142' title='bbox 1096 1995 1284 2077; x_wconf 79' lang='grc' dir='ltr'><strong><em>ἱστορέουσι</em></strong></span> <span class='ocrx_word' id='word_1_143' title='bbox 1313 1993 1426 2058; x_wconf 87' lang='lat' dir='ltr'>eadem</span> 
     </span>
     <span class='ocr_line' id='line_1_17' title="bbox 149 2100 1424 2185; baseline -0.002 -17"><span class='ocrx_word' id='word_1_144' title='bbox 149 2105 276 2169; x_wconf 91' lang='lat' dir='ltr'>ratione</span> <span class='ocrx_word' id='word_1_145' title='bbox 300 2104 441 2185; x_wconf 85' lang='lat' dir='ltr'>ponitur,</span> <span class='ocrx_word' id='word_1_146' title='bbox 465 2108 503 2167; x_wconf 91' lang='lat' dir='ltr'>ut</span> <span class='ocrx_word' id='word_1_147' title='bbox 525 2102 557 2166; x_wconf 92' lang='lat' dir='ltr'>in</span> <span class='ocrx_word' id='word_1_148' title='bbox 583 2103 694 2166; x_wconf 88' lang='lat' dir='ltr'>eadem</span> <span class='ocrx_word' id='word_1_149' title='bbox 710 2103 830 2184; x_wconf 82' lang='lat' dir='ltr'>pagina</span> <span class='ocrx_word' id='word_1_150' title='bbox 846 2103 994 2184; x_wconf 90' lang='grc' dir='ltr'><strong><em>ἱστόριον</em></strong></span> <span class='ocrx_word' id='word_1_151' title='bbox 1011 2100 1045 2167; x_wconf 77' lang='grc' dir='ltr'>δ’</span> <span class='ocrx_word' id='word_1_152' title='bbox 1063 2101 1143 2169; x_wconf 80' lang='grc' dir='ltr'><strong><em>ἔστι.</em></strong></span> <span class='ocrx_word' id='word_1_153' title='bbox 1175 2101 1251 2168; x_wconf 85' lang='lat' dir='ltr'>Sim.</span> <span class='ocrx_word' id='word_1_154' title='bbox 1264 2101 1336 2166; x_wconf 87' lang='lat' dir='ltr'>VII.</span> <span class='ocrx_word' id='word_1_155' title='bbox 1351 2102 1424 2166; x_wconf 92' lang='grc'>578.</span> 
     </span>
     <span class='ocr_line' id='line_1_18' title="bbox 149 2207 1425 2293; baseline -0.004 -17"><span class='ocrx_word' id='word_1_156' title='bbox 149 2211 256 2276; x_wconf 82' lang='lat' dir='ltr'>Etiam</span> <span class='ocrx_word' id='word_1_157' title='bbox 290 2210 361 2276; x_wconf 92' lang='lat' dir='ltr'>loco</span> <span class='ocrx_word' id='word_1_158' title='bbox 396 2210 492 2276; x_wconf 92' lang='lat' dir='ltr'>dubio</span> <span class='ocrx_word' id='word_1_159' title='bbox 521 2230 662 2291; x_wconf 80' lang='grc' dir='ltr'><strong><em>παραγγ.</em></strong></span> <span class='ocrx_word' id='word_1_160' title='bbox 683 2211 723 2274; x_wconf 86' lang='grc'>12</span> <span class='ocrx_word' id='word_1_161' title='bbox 753 2207 968 2292; x_wconf 79' lang='grc' dir='ltr'><strong><em>ἀπαρνέομαι</em></strong></span> <span class='ocrx_word' id='word_1_162' title='bbox 995 2209 1057 2293; x_wconf 85' lang='grc' dir='ltr'>γὰρ</span> <span class='ocrx_word' id='word_1_163' title='bbox 1087 2212 1134 2290; x_wconf 90' lang='grc' dir='ltr'>είς</span> <span class='ocrx_word' id='word_1_164' title='bbox 1158 2214 1278 2292; x_wconf 82' lang='grc' dir='ltr'><strong><em>χρῆσιν</em></strong></span> <span class='ocrx_word' id='word_1_165' title='bbox 1307 2208 1425 2290; x_wconf 82' lang='grc' dir='ltr'><strong><em>ἑτέρην</em></strong></span> 
     </span>
     <span class='ocr_line' id='line_1_19' title="bbox 152 2315 1425 2400; baseline -0.003 -18"><span class='ocrx_word' id='word_1_166' title='bbox 152 2315 358 2400; x_wconf 80' lang='grc' dir='ltr'><strong><em>φιλοπονίην</em></strong></span> <span class='ocrx_word' id='word_1_167' title='bbox 384 2315 471 2398; x_wconf 85' lang='grc' dir='ltr'><strong><em>μετὰ</em></strong></span> <span class='ocrx_word' id='word_1_168' title='bbox 497 2315 608 2381; x_wconf 87' lang='grc' dir='ltr'><strong><em>πόνον</em></strong></span> <span class='ocrx_word' id='word_1_169' title='bbox 637 2316 878 2399; x_wconf 88' lang='grc' dir='ltr'><strong><em>ἱστορενμένην</em></strong></span> <span class='ocrx_word' id='word_1_170' title='bbox 905 2318 1189 2400; x_wconf 84' lang='lat' dir='ltr'>‚,comprobatam“</span> <span class='ocrx_word' id='word_1_171' title='bbox 1221 2317 1318 2382; x_wconf 89' lang='lat' dir='ltr'>uerbo</span> <span class='ocrx_word' id='word_1_172' title='bbox 1342 2316 1425 2379; x_wconf 90' lang='lat' dir='ltr'>huuc</span> 
     </span>
     <span class='ocr_line' id='line_1_20' title="bbox 151 2421 963 2507; baseline -0.001 -17"><span class='ocrx_word' id='word_1_173' title='bbox 151 2443 279 2491; x_wconf 88' lang='lat' dir='ltr'>sensum</span> <span class='ocrx_word' id='word_1_174' title='bbox 303 2425 409 2490; x_wconf 89' lang='lat' dir='ltr'>inesse</span> <span class='ocrx_word' id='word_1_175' title='bbox 433 2425 629 2490; x_wconf 80' lang='lat' dir='ltr'>arbitramur</span> <span class='ocrx_word' id='word_1_176' title='bbox 653 2421 703 2507; x_wconf 83' lang='lat' dir='ltr'>(of.</span> <span class='ocrx_word' id='word_1_177' title='bbox 731 2442 829 2505; x_wconf 90' lang='lat' dir='ltr'>supra</span> <span class='ocrx_word' id='word_1_178' title='bbox 848 2445 879 2507; x_wconf 87' lang='lat' dir='ltr'>p.</span> <span class='ocrx_word' id='word_1_179' title='bbox 899 2427 963 2501; x_wconf 86' lang='grc'>28).</span> 
     </span>
    </p>

    <p class='ocr_par' dir='ltr' id='par_1_4' title="bbox 152 2525 1430 3797">
     <span class='ocr_line' id='line_1_21' title="bbox 257 2525 1425 2622; baseline -0.006 -26"><span class='ocrx_word' id='word_1_180' title='bbox 257 2533 294 2596; x_wconf 92' lang='lat' dir='ltr'>ln</span> <span class='ocrx_word' id='word_1_181' title='bbox 329 2533 440 2622; x_wconf 85' lang='lat' dir='ltr'>lingua</span> <span class='ocrx_word' id='word_1_182' title='bbox 469 2532 626 2598; x_wconf 91' lang='lat' dir='ltr'>communi</span> <span class='ocrx_word' id='word_1_183' title='bbox 655 2531 808 2613; x_wconf 88' lang='grc' dir='ltr'><strong><em>ἱστορέω,</em></strong></span> <span class='ocrx_word' id='word_1_184' title='bbox 845 2530 977 2611; x_wconf 90' lang='grc' dir='ltr'><strong><em>ἱστορία</em></strong></span> <span class='ocrx_word' id='word_1_185' title='bbox 1005 2527 1057 2611; x_wconf 90' lang='lat' dir='ltr'>(ci.</span> <span class='ocrx_word' id='word_1_186' title='bbox 1086 2528 1201 2593; x_wconf 88' lang='lat' dir='ltr'>Latina</span> <span class='ocrx_word' id='word_1_187' title='bbox 1233 2525 1425 2606; x_wconf 72' lang='lat' dir='ltr'>„historia“l</span> 
     </span>
     <span class='ocr_line' id='line_1_22' title="bbox 152 2634 1424 2725; baseline -0.007 -19"><span class='ocrx_word' id='word_1_188' title='bbox 152 2642 237 2723; x_wconf 89' lang='lat' dir='ltr'>apud</span> <span class='ocrx_word' id='word_1_189' title='bbox 277 2642 451 2725; x_wconf 83' lang='lat' dir='ltr'>scriptores</span> <span class='ocrx_word' id='word_1_190' title='bbox 491 2640 752 2724; x_wconf 88' lang='lat' dir='ltr'>frequentissima</span> <span class='ocrx_word' id='word_1_191' title='bbox 787 2644 870 2705; x_wconf 89' lang='lat' dir='ltr'>suut.</span> <span class='ocrx_word' id='word_1_192' title='bbox 928 2638 1052 2701; x_wconf 91' lang='lat' dir='ltr'>Partim</span> <span class='ocrx_word' id='word_1_193' title='bbox 1087 2654 1201 2702; x_wconf 89' lang='lat' dir='ltr'>seusus</span> <span class='ocrx_word' id='word_1_194' title='bbox 1237 2634 1424 2717; x_wconf 86' lang='lat' dir='ltr'>quaerendi,</span> 
     </span>
     <span class='ocr_line' id='line_1_23' title="bbox 153 2741 1426 2829; baseline -0.007 -16"><span class='ocrx_word' id='word_1_195' title='bbox 153 2749 376 2829; x_wconf 83' lang='lat' dir='ltr'>interrogandi</span> <span class='ocrx_word' id='word_1_196' title='bbox 401 2755 618 2829; x_wconf 87' lang='lat' dir='ltr'>conservatur,</span> <span class='ocrx_word' id='word_1_197' title='bbox 643 2749 760 2829; x_wconf 85' lang='lat' dir='ltr'>partim</span> <span class='ocrx_word' id='word_1_198' title='bbox 784 2745 881 2826; x_wconf 90' lang='lat' dir='ltr'>plane</span> <span class='ocrx_word' id='word_1_199' title='bbox 905 2762 1004 2809; x_wconf 87' lang='lat' dir='ltr'>novus</span> <span class='ocrx_word' id='word_1_200' title='bbox 1029 2743 1163 2824; x_wconf 83' lang='lat' dir='ltr'>accedit,</span> <span class='ocrx_word' id='word_1_201' title='bbox 1188 2760 1259 2811; x_wconf 89' lang='lat' dir='ltr'>cum</span> <span class='ocrx_word' id='word_1_202' title='bbox 1283 2741 1426 2823; x_wconf 88' lang='grc' dir='ltr'><strong><em>ἱστορέω</em></strong></span> 
     </span>
     <span class='ocr_line' id='line_1_24' title="bbox 155 2850 1427 2939; baseline -0.006 -18"><span class='ocrx_word' id='word_1_203' title='bbox 155 2855 315 2939; x_wconf 85' lang='lat' dir='ltr'>significat</span> <span class='ocrx_word' id='word_1_204' title='bbox 340 2860 489 2938; x_wconf 85' lang='lat' dir='ltr'>„uarro“‚</span> <span class='ocrx_word' id='word_1_205' title='bbox 521 2856 652 2938; x_wconf 92' lang='grc' dir='ltr'><strong><em>ἱστορία</em></strong></span> <span class='ocrx_word' id='word_1_206' title='bbox 680 2852 875 2935; x_wconf 81' lang='lat' dir='ltr'>„narratio“,</span> <span class='ocrx_word' id='word_1_207' title='bbox 907 2871 988 2934; x_wconf 89' lang='lat' dir='ltr'>quae</span> <span class='ocrx_word' id='word_1_208' title='bbox 1013 2853 1148 2917; x_wconf 91' lang='lat' dir='ltr'>mutatio</span> <span class='ocrx_word' id='word_1_209' title='bbox 1173 2850 1331 2933; x_wconf 87' lang='lat' dir='ltr'>quomodo</span> <span class='ocrx_word' id='word_1_210' title='bbox 1356 2854 1427 2914; x_wconf 87' lang='lat' dir='ltr'>orta</span> 
     </span>
     <span class='ocr_line' id='line_1_25' title="bbox 156 2955 1429 3046; baseline -0.005 -18"><span class='ocrx_word' id='word_1_211' title='bbox 156 2967 208 3045; x_wconf 88' lang='lat' dir='ltr'>sit,</span> <span class='ocrx_word' id='word_1_212' title='bbox 233 2964 321 3029; x_wconf 87' lang='lat' dir='ltr'>haud</span> <span class='ocrx_word' id='word_1_213' title='bbox 343 2964 436 3029; x_wconf 81' lang='lat' dir='ltr'>facile</span> <span class='ocrx_word' id='word_1_214' title='bbox 461 2964 649 3046; x_wconf 79' lang='lat' dir='ltr'>explicatur.</span> <span class='ocrx_word' id='word_1_215' title='bbox 684 2962 835 3026; x_wconf 87' lang='lat' dir='ltr'>Fortasse</span> <span class='ocrx_word' id='word_1_216' title='bbox 859 2960 939 3025; x_wconf 91' lang='lat' dir='ltr'>haec</span> <span class='ocrx_word' id='word_1_217' title='bbox 956 2960 1043 3025; x_wconf 86' lang='lat' dir='ltr'>vocis</span> <span class='ocrx_word' id='word_1_218' title='bbox 1067 2957 1259 3040; x_wconf 83' lang='lat' dir='ltr'>significatio</span> <span class='ocrx_word' id='word_1_219' title='bbox 1283 2955 1429 3038; x_wconf 88' lang='lat' dir='ltr'>profecta</span> 
     </span>
     <span class='ocr_line' id='line_1_26' title="bbox 156 3066 1429 3153; baseline -0.006 -18"><span class='ocrx_word' id='word_1_220' title='bbox 156 3076 205 3135; x_wconf 90' lang='lat' dir='ltr'>est</span> <span class='ocrx_word' id='word_1_221' title='bbox 240 3090 259 3134; x_wconf 90' lang='lat' dir='ltr'>a</span> <span class='ocrx_word' id='word_1_222' title='bbox 294 3072 427 3137; x_wconf 91' lang='lat' dir='ltr'>notione</span> <span class='ocrx_word' id='word_1_223' title='bbox 464 3070 674 3153; x_wconf 78' lang='lat' dir='ltr'>„probandi“,</span> <span class='ocrx_word' id='word_1_224' title='bbox 711 3073 747 3134; x_wconf 93' lang='lat' dir='ltr'>ut</span> <span class='ocrx_word' id='word_1_225' title='bbox 778 3068 889 3133; x_wconf 85' lang='lat' dir='ltr'>urultis</span> <span class='ocrx_word' id='word_1_226' title='bbox 917 3068 1012 3150; x_wconf 89' lang='lat' dir='ltr'>locis,</span> <span class='ocrx_word' id='word_1_227' title='bbox 1046 3068 1102 3132; x_wconf 93' lang='lat' dir='ltr'>ubi</span> <span class='ocrx_word' id='word_1_228' title='bbox 1131 3066 1253 3132; x_wconf 86' lang='lat' dir='ltr'>Graece</span> <span class='ocrx_word' id='word_1_229' title='bbox 1282 3066 1429 3146; x_wconf 87' lang='grc' dir='ltr'><strong><em>ἱστορεῖν</em></strong></span> 
     </span>
     <span class='ocr_line' id='line_1_27' title="bbox 156 3172 1428 3261; baseline -0.006 -19"><span class='ocrx_word' id='word_1_230' title='bbox 156 3180 312 3260; x_wconf 91' lang='lat' dir='ltr'>scriptum</span> <span class='ocrx_word' id='word_1_231' title='bbox 337 3184 403 3261; x_wconf 88' lang='lat' dir='ltr'>est,</span> <span class='ocrx_word' id='word_1_232' title='bbox 428 3185 536 3261; x_wconf 89' lang='lat' dir='ltr'>potest</span> <span class='ocrx_word' id='word_1_233' title='bbox 559 3179 641 3244; x_wconf 89' lang='lat' dir='ltr'>uerti</span> <span class='ocrx_word' id='word_1_234' title='bbox 667 3182 804 3259; x_wconf 87' lang='lat' dir='ltr'>„testem</span> <span class='ocrx_word' id='word_1_235' title='bbox 828 3181 930 3241; x_wconf 81' lang='lat' dir='ltr'>esse“.</span> <span class='ocrx_word' id='word_1_236' title='bbox 979 3175 1125 3257; x_wconf 86' lang='grc' dir='ltr'><strong><em>ἱστορεῖν</em></strong></span> <span class='ocrx_word' id='word_1_237' title='bbox 1153 3174 1330 3255; x_wconf 85' lang='lat' dir='ltr'>„narrare“</span> <span class='ocrx_word' id='word_1_238' title='bbox 1365 3172 1428 3236; x_wconf 91' lang='lat' dir='ltr'>iam</span> 
     </span>
     <span class='ocr_line' id='line_1_28' title="bbox 158 3278 1429 3369; baseline -0.008 -18"><span class='ocrx_word' id='word_1_239' title='bbox 158 3287 349 3352; x_wconf 78' lang='lat' dir='ltr'>Aristoteles</span> <span class='ocrx_word' id='word_1_240' title='bbox 373 3287 501 3353; x_wconf 83' lang='lat' dir='ltr'>exhibet</span> <span class='ocrx_word' id='word_1_241' title='bbox 525 3307 555 3369; x_wconf 92' lang='lat' dir='ltr'>p.</span> <span class='ocrx_word' id='word_1_242' title='bbox 581 3287 673 3351; x_wconf 87' lang='lat' dir='ltr'>818b</span> <span class='ocrx_word' id='word_1_243' title='bbox 699 3286 740 3350; x_wconf 90' lang='grc'>28</span> <span class='ocrx_word' id='word_1_244' title='bbox 766 3282 814 3364; x_wconf 85' lang='grc' dir='ltr'>ὡς</span> <span class='ocrx_word' id='word_1_245' title='bbox 838 3282 856 3348; x_wconf 88' lang='grc' dir='ltr'><strong>ὁ</strong></span> <span class='ocrx_word' id='word_1_246' title='bbox 880 3281 1053 3363; x_wconf 83' lang='grc' dir='ltr'><strong><em>Ἄννωνος</em></strong></span> <span class='ocrx_word' id='word_1_247' title='bbox 1075 3278 1263 3364; x_wconf 82' lang='grc' dir='ltr'><strong><em>περίπλοος</em></strong></span> <span class='ocrx_word' id='word_1_248' title='bbox 1293 3280 1429 3360; x_wconf 88' lang='grc' dir='ltr'><strong><em>ἱστορεῖ,</em></strong></span> 
     </span>
     <span class='ocr_line' id='line_1_29' title="bbox 158 3385 1429 3477; baseline -0.008 -19"><span class='ocrx_word' id='word_1_249' title='bbox 158 3397 226 3461; x_wconf 91' lang='lat' dir='ltr'>sim.</span> <span class='ocrx_word' id='word_1_250' title='bbox 245 3394 286 3461; x_wconf 88' lang='lat' dir='ltr'>al.</span> <span class='ocrx_word' id='word_1_251' title='bbox 312 3395 352 3468; x_wconf 85' lang='lat' dir='ltr'>Et</span> <span class='ocrx_word' id='word_1_252' title='bbox 365 3394 495 3477; x_wconf 91' lang='grc' dir='ltr'><strong><em>ἱστορία</em></strong></span> <span class='ocrx_word' id='word_1_253' title='bbox 511 3394 699 3475; x_wconf 77' lang='grc' dir='ltr'><strong><em>,,οοτεαὶῖο“</em></strong></span> <span class='ocrx_word' id='word_1_254' title='bbox 716 3392 799 3457; x_wconf 90' lang='lat' dir='ltr'>rhet.</span> <span class='ocrx_word' id='word_1_255' title='bbox 817 3388 849 3454; x_wconf 82' lang='grc' dir='ltr'>α’</span> <span class='ocrx_word' id='word_1_256' title='bbox 864 3411 894 3473; x_wconf 94' lang='lat' dir='ltr'>p.</span> <span class='ocrx_word' id='word_1_257' title='bbox 911 3392 1023 3455; x_wconf 87' lang='lat' dir='ltr'>1360a</span> <span class='ocrx_word' id='word_1_258' title='bbox 1037 3392 1077 3454; x_wconf 88' lang='grc'>37</span> <span class='ocrx_word' id='word_1_259' title='bbox 1094 3390 1134 3455; x_wconf 85' lang='grc' dir='ltr'>α1.</span> <span class='ocrx_word' id='word_1_260' title='bbox 1150 3388 1187 3455; x_wconf 87' lang='lat' dir='ltr'>cf.</span> <span class='ocrx_word' id='word_1_261' title='bbox 1201 3388 1266 3453; x_wconf 90' lang='lat' dir='ltr'>ind.</span> <span class='ocrx_word' id='word_1_262' title='bbox 1279 3385 1429 3451; x_wconf 89' lang='lat' dir='ltr'>Bonitzii.</span> 
     </span>
     <span class='ocr_line' id='line_1_30' title="bbox 158 3493 1430 3584; baseline -0.008 -19"><span class='ocrx_word' id='word_1_263' title='bbox 158 3501 309 3584; x_wconf 83' lang='lat' dir='ltr'>Polybius</span> <span class='ocrx_word' id='word_1_264' title='bbox 345 3502 399 3583; x_wconf 87' lang='lat' dir='ltr'>(of.</span> <span class='ocrx_word' id='word_1_265' title='bbox 429 3502 493 3567; x_wconf 91' lang='lat' dir='ltr'>ind.</span> <span class='ocrx_word' id='word_1_266' title='bbox 524 3500 813 3582; x_wconf 80' lang='lat' dir='ltr'>Schweighiiuseri,</span> <span class='ocrx_word' id='word_1_267' title='bbox 850 3505 925 3564; x_wconf 90' lang='lat' dir='ltr'>tom.</span> <span class='ocrx_word' id='word_1_268' title='bbox 957 3496 1043 3563; x_wconf 88' lang='lat' dir='ltr'>VIII.</span> <span class='ocrx_word' id='word_1_269' title='bbox 1067 3493 1101 3581; x_wconf 89' lang='grc'>2)</span> <span class='ocrx_word' id='word_1_270' title='bbox 1126 3496 1256 3562; x_wconf 86' lang='lat' dir='ltr'>exhibet</span> <span class='ocrx_word' id='word_1_271' title='bbox 1284 3495 1430 3575; x_wconf 91' lang='grc' dir='ltr'><strong><em>ἱστορεῖν</em></strong></span> 
     </span>
     <span class='ocr_line' id='line_1_31' title="bbox 159 3603 1430 3691; baseline -0.006 -19"><span class='ocrx_word' id='word_1_272' title='bbox 159 3609 366 3691; x_wconf 87' lang='lat' dir='ltr'>‚‚iuquirere“</span> <span class='ocrx_word' id='word_1_273' title='bbox 390 3611 486 3675; x_wconf 90' lang='grc'>9.14.</span> <span class='ocrx_word' id='word_1_274' title='bbox 504 3610 535 3688; x_wconf 87' lang='grc'>3,</span> <span class='ocrx_word' id='word_1_275' title='bbox 552 3609 603 3688; x_wconf 84' lang='grc' dir='ltr'>ε1.,</span> <span class='ocrx_word' id='word_1_276' title='bbox 629 3606 845 3690; x_wconf 85' lang='lat' dir='ltr'>„explorando</span> <span class='ocrx_word' id='word_1_277' title='bbox 872 3608 1086 3686; x_wconf 83' lang='lat' dir='ltr'>cognoscere“</span> <span class='ocrx_word' id='word_1_278' title='bbox 1104 3606 1133 3668; x_wconf 88' lang='lat'>3.</span> <span class='ocrx_word' id='word_1_279' title='bbox 1150 3605 1203 3671; x_wconf 88' lang='lat'>38.</span> <span class='ocrx_word' id='word_1_280' title='bbox 1221 3605 1250 3683; x_wconf 90' lang='grc'>2,</span> <span class='ocrx_word' id='word_1_281' title='bbox 1267 3603 1320 3682; x_wconf 84' lang='lat' dir='ltr'>al,</span> <span class='ocrx_word' id='word_1_282' title='bbox 1338 3618 1430 3681; x_wconf 88' lang='lat' dir='ltr'>„uar-</span> 
     </span>
     <span class='ocr_line' id='line_1_32' title="bbox 159 3711 1430 3797; baseline -0.007 -17"><span class='ocrx_word' id='word_1_283' title='bbox 159 3718 254 3781; x_wconf 88' lang='lat' dir='ltr'>rare“</span> <span class='ocrx_word' id='word_1_284' title='bbox 279 3720 308 3781; x_wconf 83' lang='lat'>4.</span> <span class='ocrx_word' id='word_1_285' title='bbox 327 3720 417 3783; x_wconf 87' lang='grc'>47.2</span> <span class='ocrx_word' id='word_1_286' title='bbox 442 3716 484 3781; x_wconf 91' lang='lat' dir='ltr'>al.</span> <span class='ocrx_word' id='word_1_287' title='bbox 531 3716 687 3782; x_wconf 84' lang='lat' dir='ltr'>Similiter</span> <span class='ocrx_word' id='word_1_288' title='bbox 710 3715 795 3797; x_wconf 90' lang='lat' dir='ltr'>apud</span> <span class='ocrx_word' id='word_1_289' title='bbox 818 3712 1025 3778; x_wconf 84' lang='lat' dir='ltr'>Plutarchum</span> <span class='ocrx_word' id='word_1_290' title='bbox 1050 3717 1083 3777; x_wconf 90' lang='lat' dir='ltr'>et</span> <span class='ocrx_word' id='word_1_291' title='bbox 1116 3711 1237 3777; x_wconf 86' lang='lat' dir='ltr'>similes</span> <span class='ocrx_word' id='word_1_292' title='bbox 1271 3714 1430 3774; x_wconf 86' lang='lat' dir='ltr'>auctores.</span> 
     </span>
    </p>

    <p class='ocr_par' dir='ltr' id='par_1_5' title="bbox 68 3817 1433 4337">
     <span class='ocr_line' id='line_1_33' title="bbox 265 3817 1432 3889; baseline -0.007 -3"><span class='ocrx_word' id='word_1_293' title='bbox 265 3822 332 3887; x_wconf 91' lang='lat' dir='ltr'>Iam</span> <span class='ocrx_word' id='word_1_294' title='bbox 358 3823 496 3889; x_wconf 91' lang='lat' dir='ltr'>calculos</span> <span class='ocrx_word' id='word_1_295' title='bbox 520 3822 742 3889; x_wconf 85' lang='lat' dir='ltr'>subducamus.</span> <span class='ocrx_word' id='word_1_296' title='bbox 775 3820 890 3886; x_wconf 83' lang='lat' dir='ltr'>Conati</span> <span class='ocrx_word' id='word_1_297' title='bbox 905 3839 1014 3887; x_wconf 90' lang='lat' dir='ltr'>sumus</span> <span class='ocrx_word' id='word_1_298' title='bbox 1031 3822 1251 3886; x_wconf 88' lang='lat' dir='ltr'>demonstrare</span> <span class='ocrx_word' id='word_1_299' title='bbox 1267 3817 1432 3882; x_wconf 90' lang='lat' dir='ltr'>notionem</span> 
     </span>
     <span class='ocr_line' id='line_1_34' title="bbox 159 3922 1430 4012; baseline -0.007 -18"><span class='ocrx_word' id='word_1_300' title='bbox 159 3931 335 4011; x_wconf 88' lang='lat' dir='ltr'>quaerendi</span> <span class='ocrx_word' id='word_1_301' title='bbox 371 3929 410 3995; x_wconf 89' lang='lat' dir='ltr'>ab</span> <span class='ocrx_word' id='word_1_302' title='bbox 445 3930 518 4012; x_wconf 90' lang='lat' dir='ltr'>ipsa</span> <span class='ocrx_word' id='word_1_303' title='bbox 553 3930 656 4012; x_wconf 85' lang='lat' dir='ltr'>stirpe</span> <span class='ocrx_word' id='word_1_304' title='bbox 692 3929 830 3995; x_wconf 89' lang='lat' dir='ltr'>alienam</span> <span class='ocrx_word' id='word_1_305' title='bbox 859 3930 892 3994; x_wconf 94' lang='lat' dir='ltr'>in</span> <span class='ocrx_word' id='word_1_306' title='bbox 920 3929 960 3995; x_wconf 90' lang='lat' dir='ltr'>iis</span> <span class='ocrx_word' id='word_1_307' title='bbox 989 3927 1144 3993; x_wconf 86' lang='lat' dir='ltr'>derivatis</span> <span class='ocrx_word' id='word_1_308' title='bbox 1172 3925 1250 3991; x_wconf 91' lang='lat' dir='ltr'>solis</span> <span class='ocrx_word' id='word_1_309' title='bbox 1279 3922 1430 4004; x_wconf 85' lang='lat' dir='ltr'>conspici,</span> 
     </span>
     <span class='ocr_line' id='line_1_35' title="bbox 160 4032 1432 4119; baseline -0.006 -19"><span class='ocrx_word' id='word_1_310' title='bbox 160 4055 242 4118; x_wconf 90' lang='lat' dir='ltr'>quae</span> <span class='ocrx_word' id='word_1_311' title='bbox 277 4037 408 4103; x_wconf 90' lang='lat' dir='ltr'>Ionibus</span> <span class='ocrx_word' id='word_1_312' title='bbox 447 4037 625 4119; x_wconf 88' lang='lat' dir='ltr'>peculiaria</span> <span class='ocrx_word' id='word_1_313' title='bbox 658 4037 758 4105; x_wconf 89' lang='lat' dir='ltr'>fuisse</span> <span class='ocrx_word' id='word_1_314' title='bbox 798 4037 991 4102; x_wconf 87' lang='lat' dir='ltr'>testimoniis</span> <span class='ocrx_word' id='word_1_315' title='bbox 1030 4034 1191 4117; x_wconf 84' lang='lat' dir='ltr'>congestis</span> <span class='ocrx_word' id='word_1_316' title='bbox 1229 4032 1309 4098; x_wconf 88' lang='lat' dir='ltr'>satis</span> <span class='ocrx_word' id='word_1_317' title='bbox 1349 4047 1432 4095; x_wconf 91' lang='lat' dir='ltr'>com·</span> 
     </span>
     <span class='ocr_line' id='line_1_36' title="bbox 160 4140 1432 4230; baseline -0.006 -21"><span class='ocrx_word' id='word_1_318' title='bbox 160 4146 329 4227; x_wconf 88' lang='lat' dir='ltr'>probatur:</span> <span class='ocrx_word' id='word_1_319' title='bbox 362 4146 514 4228; x_wconf 90' lang='grc' dir='ltr'><strong><em>ἱστορέω,</em></strong></span> <span class='ocrx_word' id='word_1_320' title='bbox 544 4146 683 4229; x_wconf 91' lang='grc' dir='ltr'><strong><em>ἱστορία,</em></strong></span> <span class='ocrx_word' id='word_1_321' title='bbox 714 4164 890 4230; x_wconf 80' lang='lat' dir='ltr'>quaeror,</span> <span class='ocrx_word' id='word_1_322' title='bbox 920 4144 976 4211; x_wconf 93' lang='lat' dir='ltr'>ubi</span> <span class='ocrx_word' id='word_1_323' title='bbox 1000 4145 1086 4226; x_wconf 90' lang='lat' dir='ltr'>apud</span> <span class='ocrx_word' id='word_1_324' title='bbox 1109 4142 1235 4208; x_wconf 83' lang='lat' dir='ltr'>Atticos</span> <span class='ocrx_word' id='word_1_325' title='bbox 1259 4140 1432 4220; x_wconf 86' lang='lat' dir='ltr'>scriptores</span> 
     </span>
     <span class='ocr_line' id='line_1_37' title="bbox 68 4251 1433 4337; baseline -0.007 -19"><span class='ocrx_word' id='word_1_326' title='bbox 68 4293 70 4303; x_wconf 89' lang='lat'>·</span> <span class='ocrx_word' id='word_1_327' title='bbox 161 4253 248 4319; x_wconf 90' lang='lat' dir='ltr'>velut</span> <span class='ocrx_word' id='word_1_328' title='bbox 277 4254 527 4320; x_wconf 89' lang='lat' dir='ltr'>Demosthenem</span> <span class='ocrx_word' id='word_1_329' title='bbox 554 4254 746 4321; x_wconf 83' lang='lat' dir='ltr'>Aeschinem</span> <span class='ocrx_word' id='word_1_330' title='bbox 778 4254 909 4337; x_wconf 81' lang='lat' dir='ltr'>legitur,</span> <span class='ocrx_word' id='word_1_331' title='bbox 946 4253 986 4317; x_wconf 92' lang='lat' dir='ltr'>ab</span> <span class='ocrx_word' id='word_1_332' title='bbox 1014 4251 1145 4318; x_wconf 92' lang='lat' dir='ltr'>Ionibus</span> <span class='ocrx_word' id='word_1_333' title='bbox 1179 4251 1327 4315; x_wconf 90' lang='lat' dir='ltr'>mutuata</span> <span class='ocrx_word' id='word_1_334' title='bbox 1362 4262 1433 4310; x_wconf 89' lang='lat' dir='ltr'>esse</span> 
     </span>
    </p>
   </div>
   <div class='ocr_carea' id='block_1_3' title="bbox 161 4492 1434 4669">
    <p class='ocr_par' dir='ltr' id='par_1_6' title="bbox 161 4492 1434 4669">
     <span class='ocr_line' id='line_1_38' title="bbox 268 4492 1434 4577; baseline -0.009 -18"><span class='ocrx_word' id='word_1_335' title='bbox 268 4508 291 4577; x_wconf 83' lang='lat'>1)</span> <span class='ocrx_word' id='word_1_336' title='bbox 310 4504 391 4576; x_wconf 78' lang='lat' dir='ltr'>Apud</span> <span class='ocrx_word' id='word_1_337' title='bbox 403 4503 520 4575; x_wconf 82' lang='lat' dir='ltr'>Hesych.</span> <span class='ocrx_word' id='word_1_338' title='bbox 540 4507 657 4577; x_wconf 80' lang='grc' dir='ltr'><strong><em>ἱστορία·</em></strong></span> <span class='ocrx_word' id='word_1_339' title='bbox 676 4508 811 4577; x_wconf 81' lang='grc' dir='ltr'><strong><em>μαρτυρία</em></strong></span> <span class='ocrx_word' id='word_1_340' title='bbox 829 4505 876 4559; x_wconf 77' lang='grc' dir='ltr'>καὶ</span> <span class='ocrx_word' id='word_1_341' title='bbox 893 4501 926 4558; x_wconf 77' lang='grc' dir='ltr'><strong><em>τὰ</em></strong></span> <span class='ocrx_word' id='word_1_342' title='bbox 942 4501 1023 4575; x_wconf 80' lang='grc' dir='ltr'><strong><em>ὅμοια</em></strong></span> <span class='ocrx_word' id='word_1_343' title='bbox 1040 4500 1099 4555; x_wconf 83' lang='lat' dir='ltr'>sine</span> <span class='ocrx_word' id='word_1_344' title='bbox 1118 4498 1201 4554; x_wconf 87' lang='lat' dir='ltr'>dubio</span> <span class='ocrx_word' id='word_1_345' title='bbox 1214 4497 1295 4554; x_wconf 80' lang='lat' dir='ltr'>scrib.</span> <span class='ocrx_word' id='word_1_346' title='bbox 1316 4492 1434 4567; x_wconf 75' lang='grc' dir='ltr'><strong><em>ἱστόρια·</em></strong></span> 
     </span>
     <span class='ocr_line' id='line_1_39' title="bbox 161 4614 408 4669; baseline 0 -20"><span class='ocrx_word' id='word_1_347' title='bbox 161 4614 297 4669; x_wconf 83' lang='grc' dir='ltr'><strong><em>μαρτνρια</em></strong></span> <span class='ocrx_word' id='word_1_348' title='bbox 314 4614 338 4649; x_wconf 83' lang='grc' dir='ltr'>κ.</span> <span class='ocrx_word' id='word_1_349' title='bbox 352 4614 373 4651; x_wconf 85' lang='grc' dir='ltr'><strong><em>τ.</em></strong></span> <span class='ocrx_word' id='word_1_350' title='bbox 388 4616 408 4651; x_wconf 91' lang='grc' dir='ltr'>ο.</span> 
     </span>
    </p>
   </div>
   <div class='ocr_carea' id='block_1_4' title="bbox 0 0 1767 5250">
    <p class='ocr_par' dir='ltr' id='par_1_7' title="bbox 0 0 1767 5250">
     <span class='ocr_line' id='line_1_40' title="bbox 0 0 1767 5250; baseline 0 0"><span class='ocrx_word' id='word_1_351' title='bbox 0 0 1767 5250; x_wconf 95' lang='lat' dir='ltr'> </span> 
     </span>
    </p>
   </div>
  </div>
 </body>
</html>
