3475 5250
820 1277 945 1362 Caput
967 1279 1009 1344 II.

272 1441 343 1516 DE
372 1441 443 1517 IIS
470 1439 707 1536 VOOIBUS,
737 1429 885 1535 QUAE
907 1440 1134 1516 Petraeam
1149 1441 1558 1520 ATHENIENSIUM

579 1564 848 1641 DIALEOTO
878 1564 1243 1648 TRIBUUNTUR.

377 1747 447 1812 Iam
481 1745 698 1812 resistendum
734 1743 826 1811 nobis
862 1749 923 1826 est,
960 1745 1023 1811 etsi
1058 1747 1184 1827 copiam
1219 1765 1332 1812 vocum
1364 1747 1557 1828 Ionicarum,

271 1873 366 1937 quam
390 1855 565 1936 potuimus
595 1852 683 1919 nullo
708 1853 802 1918 modo
831 1854 994 1935 persecuti
1030 1872 1150 1918 sumus.
1199 1854 1248 1921 Ne
1271 1855 1305 1920 id
1328 1856 1457 1938 quidem
1483 1874 1557 1921 con-

269 1961 403 2028 tendere
428 1963 505 2027 licet
540 1961 610 2045 has,
647 1961 686 2025 de
722 1959 840 2043 quibus
864 1961 1087 2042 disseruimus,
1123 1980 1218 2028 voces
1254 1980 1365 2029 omnes
1401 1967 1459 2030 aut
1488 1964 1558 2046 ple·

268 2089 387 2154 resque
412 2088 494 2152 esse,
532 2087 612 2152 quas
649 2070 682 2134 in
707 2068 858 2152 Aeschyli
887 2069 1065 2151 tragoediis
1100 2069 1196 2135 iustis
1233 2070 1274 2134 de
1310 2073 1417 2138 causis
1439 2072 1554 2137 Ionum

272 2178 496 2246 consuetudini
532 2176 703 2242 attribuas.
749 2176 877 2243 Revera
911 2178 943 2242 iu
976 2177 1165 2242 memoriam
1200 2178 1377 2260 redigimus
1411 2179 1555 2261 lectoris,

270 2286 356 2369 quod
379 2285 472 2352 initio
498 2285 615 2368 capitis
638 2284 655 2349 Ι
678 2284 925 2367 disputavimus,
951 2302 1021 2350 cum
1047 2302 1111 2364 eas,
1137 2284 1253 2367 quibus
1269 2285 1380 2352 Ionica
1397 2286 1556 2354 dialectus

272 2393 486 2477 cognoscitur,
523 2392 744 2475 proprietates
772 2392 988 2458 divideremus
1021 2393 1055 2456 in
1079 2393 1159 2458 duas
1187 2396 1298 2475 partes
1324 2400 1357 2458 et
1385 2395 1557 2460 contende·

269 2520 376 2568 remus
394 2520 465 2566 earn
482 2501 667 2583 et'prisca
683 2501 857 2567 retinuisse
875 2503 908 2567 et
923 2520 1024 2566 nova
1039 2498 1171 2566 linxisse
1197 2503 1243 2582 (p.
1264 2501 1329 2584 12).
1352 2502 1468 2567 Actum
1492 2503 1555 2567 iam

270 2609 350 2677 satis
381 2613 432 2677 est
467 2611 507 2677 de
531 2608 622 2676 novis
651 2606 900 2676 formationibus
935 2612 969 2675 et
1002 2607 1175 2676 verborum
1210 2613 1243 2674 et
1272 2607 1555 2692 significationum,

270 2737 351 2803 quas
376 2718 515 2801 primurn
539 2718 573 2783 in
598 2717 718 2784 orienti
743 2717 899 2784 Graeciae
922 2722 1017 2800 parte
1041 2716 1144 2781 factas
1168 2734 1240 2783 csse
1265 2716 1358 2782 nobis
1381 2718 1556 2799 probatum

270 2832 336 2902 est;
360 2826 491 2894 silentio
516 2831 626 2892 autem
654 2826 870 2907 praeterimus
895 2824 1003 2909 prisca
1027 2830 1060 2890 et
1076 2824 1258 2891 inveterata
1282 2826 1454 2906 elementa,
1480 2826 1556 2908 quia

270 2952 364 2998 nemo
389 2939 439 2999 est
464 2933 519 3017 qui
543 2933 667 3013 doceat,
698 2933 784 2999 unde
807 2934 913 3015 possit
935 2932 1061 2997 hauriri
1085 2932 1278 3014 cognitionis
1308 2932 1422 2997 barum
1446 2952 1554 2998 rerum

181 3048 184 3059 ’
269 3042 322 3108 via
346 3059 384 3106 ac
407 3042 502 3122 ratio,
528 3060 633 3124 neque
656 3040 769 3107 subest
792 3041 826 3105 in
850 3041 982 3122 reipsa
1009 3046 1215 3116 momentum,
1240 3059 1304 3123 quo
1333 3040 1444 3106 ductis
1460 3041 1556 3107 nobis

270 3149 465 3216 contendere
501 3149 616 3216 liceret
638 3148 723 3215 hanc
747 3167 857 3215 vocem
893 3148 1072 3215 obsoletam
1108 3149 1141 3213 in
1178 3148 1349 3231 tragoedia
1377 3149 1556 3230 putandam

271 3275 342 3325 esse
366 3257 518 3338 loricam,
544 3256 633 3322 illam
659 3257 809 3334 Atticam,
835 3257 967 3323 tertiam
992 3257 1127 3338 epicam.
1174 3254 1262 3322 Satis
1287 3256 1331 3321 sit
1354 3274 1413 3322 nos
1437 3256 1557 3337 viginti

271 3372 328 3431 aut
352 3364 489 3447 triginta
513 3383 607 3431 voces
638 3383 853 3447 comparasse,
890 3383 970 3449 quas
994 3364 1195 3446 gravissimis
1232 3364 1272 3429 de
1297 3364 1403 3430 causis
1427 3364 1555 3431 Ionicas

269 3472 447 3539 iudicamus
472 3490 554 3539 esse.
601 3470 803 3539 Erravcrunt
837 3478 957 3557 autem,
994 3474 1049 3555 qui
1077 3472 1203 3539 abhoc
1227 3492 1303 3539 uno
1327 3478 1455 3538 tantum
1490 3471 1555 3538 fine

174 3574 179 3581 “
269 3578 408 3664 profecti
431 3585 534 3647 totam
551 3579 712 3663 quandam
734 3580 905 3646 verborum
921 3581 1038 3648 molem
1061 3582 1147 3647 inter
1163 3581 1275 3647 Ionica
1290 3587 1553 3663 numeraverunt,

270 3707 334 3772 qua
357 3688 410 3754 via
435 3689 602 3770 ingressus
625 3688 810 3755 Wittekind
832 3688 986 3772 Sophocli
1021 3694 1171 3756 sescenta
1194 3689 1294 3756 verba
1317 3688 1427 3755 Ionica
1451 3689 1553 3770 dedit,

272 3796 335 3863 etsi
362 3800 489 3863 nosmet
517 3796 581 3877 ipsi
606 3815 704 3879 supra
728 3796 865 3861 diximus
889 3797 973 3863 hanc
998 3797 1178 3863 doctrinam
1201 3796 1270 3861 veri
1293 3796 1456 3879 quandam
1481 3814 1555 3878 spe·

271 3906 351 3971 ciem
375 3903 543 3986 praebere.
566 3903 610 3986 ls,
636 3909 671 3969 ut
694 3908 806 3970 nostra
829 3902 894 3969 lert
919 3905 1038 3987 opinio,
1063 3904 1151 3970 ultra
1181 3905 1312 3970 modum
1334 3904 1553 3987 progreditur.

377 4010 469 4091 Nam,
486 4011 558 4094 quis
576 4016 635 4095 est,
654 4011 709 4095 qui
726 4015 824 4094 neget
837 4012 978 4095 tragicos
993 4018 1108 4093 poetas
1126 4012 1158 4077 in
1177 4012 1406 4094 componendis
1422 4017 1554 4095 tragoe-

270 4120 332 4186 diis
345 4118 537 4185 familiarem
551 4136 730 4185 sermonem
747 4138 811 4185 uon
824 4120 927 4185 solum
943 4139 1008 4186 non
1024 4121 1196 4203 sprevisse,
1216 4120 1274 4185 sed
1291 4119 1389 4185 etiam
1406 4120 1554 4202 quemvis

270 4234 422 4295 ornatum
446 4232 479 4294 et
503 4227 675 4309 splendore
698 4228 945 4311 peregrinarum
980 4246 1093 4294 vocum
1124 4226 1330 4295 commixtum
1354 4226 1553 4311 adhibuisse,

272 4337 385 4402 eadem
409 4335 537 4401 ratione
561 4336 684 4416 ductos,
710 4340 807 4418 atque
831 4336 975 4418 reliquos
990 4341 1115 4419 poetas,
1141 4355 1276 4419 quorum
1294 4336 1437 4401 carmina
1459 4334 1554 4400 fami-

271 4444 363 4509 liaris
399 4444 557 4510 sermonis
584 4443 796 4525 vestigiorum
831 4444 929 4527 plena
963 4445 1060 4511 suut?
1106 4445 1205 4510 Velut
1237 4443 1372 4510 Homeri
1408 4443 1551 4526 Aeolica,

272 4550 361 4635 Ibyci
387 4556 420 4617 et
443 4551 621 4620 Stesichori
646 4552 767 4639 Ionica,
803 4552 1019 4636 Hipponactis
1043 4553 1145 4636 Lydia
1180 4554 1279 4620 verba
1306 4552 1339 4619 in
1363 4552 1553 4619 memoriam
