3475 5250
834 357 1058 427 -50-—

668 607 912 693 ΧΕΙΡΩΝΑΞ,
936 609 1232 686 murmurum.

413 745 452 822 ci.
476 749 669 837 Wittekind,
694 776 725 839 p.
752 758 803 822 28.

411 861 518 927 Prom.
543 865 585 927 45
610 863 696 932 trim.
733 861 902 929 ώπολλά
924 862 1112 947 μισηάεῖσα
1139 862 1398 947 χειρωναξία.
1446 865 1589 948 Ohoeph.

306 971 369 1034 761
388 969 481 1054 (742)
506 971 590 1037 trim.
617 967 742 1050 ἀντολάς
758 967 796 1036 ἀὲ
811 969 916 1037 τάσάε
937 970 1211 1055 χειρωναξίας
1226 969 1359 1055 ἔχουσα.
1406 972 1466 1038 Est
1482 980 1616 1050 autem,

306 1079 411 1144 altero
435 1079 506 1144 loco
530 1098 646 1145 munus
669 1078 850 1161 Hephaesti
874 1079 1102 1146 Prometheum
1131 1078 1254 1145 vincire
1278 1079 1368 1159 iussi,
1405 1080 1509 1146 altero
1533 1099 1592 1145 nu·

306 1187 398 1253 tricis
435 1186 581 1255 Orestae.
631 1186 728 1270 Soph.
752 1187 813 1270 frg.
841 1189 906 1252 760
930 1188 1017 1252 trim.
1052 1189 1122 1268 πᾶς
1155 1185 1397 1270 ὁχειρώναξ
1428 1185 1517 1268 λεώς
1552 1187 1593 1252 de

305 1293 407 1360 fabris
423 1294 553 1375 dictum,
572 1293 610 1359 ci.
635 1294 711 1361 Hes.
734 1293 904 1378 χειρῶναξ
917 1293 1015 1376 λεώς·
1041 1293 1060 1358 ἀ
1080 1294 1296 1378 χειροτέχνης
1312 1300 1346 1360 et
1361 1295 1441 1361 Poll.
1458 1293 1500 1359 II.
1530 1297 1589 1358 151

309 1402 367 1466 καί
380 1402 608 1485 χειρώνακτες
630 1399 726 1485 παρὰ
742 1398 926 1485 Σοφοκλεῖ.
949 1402 1062 1484 Eurip.
1089 1402 1149 1482 irg.
1169 1403 1244 1468 795.
1262 1404 1281 1466 3
1306 1403 1392 1466 trim.
1417 1401 1457 1467 οὐ
1481 1397 1594 1467 τώνάε

303 1510 584 1593 χειρώνακτες
609 1506 794 1592 άνάρωποι
817 1508 931 1592 λόγων
954 1529 998 1576 so.
1028 1510 1242 1576 oraculorum.
1267 1509 1426 1591 Lycophr.
1452 1508 1500 1575 Al.
1527 1510 1590 1573 521

304 1617 391 1684 trim.
414 1616 699 1700 χειρώνακτες
722 1615 861 1699 ἐργάται
885 1614 1004 1683 διπλοῖ
1025 1667 1033 1684 .
1058 1667 1067 1684 .
1092 1671 1100 1686 .
1125 1615 1345 1700 έλατάπηοαν
1374 1619 1414 1683 de
1443 1617 1594 1701 Apolline

304 1731 340 1790 et
359 1724 521 1808 Neptuno.

413 1834 509 1917 Apud
532 1833 694 1900 Atticos
718 1833 898 1915 scriptores
935 1851 996 1899 vor
1031 1852 1094 1900 non
1125 1833 1246 1916 legitur
1281 1833 1421 1917 ideoque
1444 1850 1463 1898 a
1487 1851 1595 1915 gram·

305 1942 434 2008 maticis
457 1940 650 2023 repudiatur
673 1938 726 2025 (ci.
750 1938 858 2024 infra).

306 2085 307 2092 κ
413 2047 535 2115 Contra
569 2049 656 2130 apud
690 2048 810 2114 Iones
850 2067 1007 2132 perquam
1048 2048 1172 2114 usitata
1208 2053 1267 2114 est.
1330 2047 1450 2114 Herod.
1486 2046 1511 2112 Ι.
1549 2047 1591 2111 93

307 2153 530 2238 ἐξεργάσαντο
565 2152 603 2219 δέ
636 2176 695 2237 μιν
736 2155 850 2241 (χῶμα
873 2154 948 2242 γῆς)
989 2157 1022 2222 οἱ
1060 2155 1217 2238 ἀγοραῖοι
1252 2152 1435 2239 ἀνάρωποι
1469 2155 1527 2219 καί
1561 2155 1593 2219 οί

254 2255 257 2260 “
303 2262 531 2346 χειρώνακτες
564 2263 622 2328 καὶ
655 2261 915 2346 ἐνεργαζόμεναι
951 2261 1137 2328 παιδίσκαι.
1182 2262 1225 2328 ΙΙ.
1264 2265 1325 2326 141
1360 2262 1594 2345 χειρώνακτας

306 2370 363 2435 καί
387 2369 571 2453 ἀγοραίους
595 2368 817 2454 ἀνθρώπους.
864 2371 906 2437 II.
935 2374 996 2436 167
1027 2369 1138 2453 ὁρέων
1165 2371 1223 2435 καί
1253 2367 1420 2452 Θρῇκας.
1445 2417 1453 2434 .
1479 2422 1487 2438 .
1512 2367 1596 2449 τοὺς

306 2477 345 2544 ἀέ
370 2475 655 2562 ἀπαλλαγμένους
690 2481 761 2543 τών
792 2477 1042 2563 χειρωναξιέων
1066 2479 1242 2560 γενναίους
1276 2475 1473 2559 νομίζοντες
1496 2476 1595 2542 είναι.

308 2586 458 2670 Oppositi
495 2593 571 2653 sunt
607 2587 639 2652 σί
661 2583 724 2668 τὰς
759 2587 881 2671 τέχνας
913 2584 1165 2671 μανάάνοντες.
1227 2585 1445 2669 Hippocrates
1482 2585 1595 2652 eodem

307 2714 405 2763 sensu
429 2695 469 2760 de
491 2693 594 2762 fabris
618 2714 652 2760 π.
678 2693 780 2779 άράρ.
806 2692 880 2778 ἐμβ.
907 2696 959 2776 53,
984 2694 1026 2760 Π.
1055 2696 1128 2762 193.
1156 2696 1196 2760 18
1221 2694 1301 2759 Klw.
1323 2691 1503 2776 χειρώναξι
1527 2689 1594 2774 ἄρα

307 2804 460 2869 τούτοισι
479 2804 640 2886 χρέονται
663 2804 684 2869 i.
710 2823 738 2870 e.
764 2805 943 2871 Amazones
966 2803 1056 2869 viris.
1103 2802 1205 2868 Etru
1230 2798 1327 2883 καρά.
1353 2802 1383 2881 8,
1409 2801 1445 2866 L.
1469 2800 1526 2865 IX.
1551 2801 1594 2864 86

308 2912 419 2978 καίτοι
443 2908 553 2975 ἀοκέω
588 2908 627 2974 τὸ
651 2912 784 2994 ποίημα
819 2910 877 2994 (τά
900 2907 1057 2992 ,,οὔατα“
1092 2913 1154 2992 τῆς
1177 2906 1332 2994 καρδίης)
1365 2907 1595 2992 χειρώνακτας

309 3016 455 3099 ἀγαάοῦ.
505 3017 693 3099 „Medicus“
729 3017 935 3100 significatur
970 3038 1006 3087 π.
1043 3016 1142 3085 ὁιαίτ.
1178 3015 1225 3098 ὀξ.
1262 3018 1292 3089 8,
1318 3016 1342 3083 Ι.
1371 3016 1445 3081 113.
1471 3019 1489 3080 5
1515 3015 1595 3080 Klw.

310 3123 396 3191 ὥστ’
419 3126 448 3190 εί
471 3124 507 3190 έν
531 3146 567 3206 γε
590 3128 699 3190 τοῖσιν
724 3123 916 3207 ὀξυτάτοισι
938 3129 1010 3191 τών
1025 3124 1234 3208 νοσημάτων
1249 3119 1393 3189 τσσόνάε
1409 3120 1594 3188 ὁιοίσουσιν

309 3229 472 3315 ἀλλήλων
507 3234 540 3298 ol
571 3233 799 3316 χειρώνακτες
822 3232 879 3320 (--
905 3234 938 3299 oi
962 3231 1097 3321 ἰατροί).
1144 3232 1228 3299 Item
1260 3232 1337 3296 ibid.
1373 3234 1428 3310 44,
1461 3229 1487 3297 1.
1522 3231 1594 3295 131.

196 3326 201 3341 ⁶
313 3344 353 3405 14
377 3341 458 3405 Krw.
495 3338 539 3406 τά
563 3339 601 3406 dd
633 3338 749 3407 τοιάάε
782 3339 932 3425 μάλιστα
956 3339 1213 3429 καάυβρίξεται,
1234 3342 1305 3404 τών
1336 3337 1596 3421 χειρωνακτέων

309 3446 378 3513 6πὸ
403 3450 474 3513 τῶν
498 3446 710 3527 ἀνθρώπων.
757 3450 874 3516 Forma
892 3449 1067 3533 singularis
1088 3446 1316 3530 perpendatur
1339 3446 1438 3512 etiam
1454 3444 1495 3511 ab
1512 3446 1597 3511 Ero·

309 3556 400 3622 tiano
424 3555 566 3621 traditur
588 3576 620 3639 p.
647 3558 699 3622 37.
728 3557 1005 3641 ὀχειρωνάκται·
1028 3556 1248 3641 χειροτέχναι.
1297 3552 1466 3636 Significat
1494 3552 1597 3635 igitur
1725 3523 1726 3566 A

309 3662 447 3740 fabrum,
472 3661 630 3749 opificem,
654 3665 823 3731 medicum.

348 3852 350 3864 Ι
418 3770 513 3851 Apud
536 3772 712 3854 scriptores
736 3772 936 3839 recentiores
960 3772 1098 3853 legimus
1123 3767 1237 3859 [Plut.]
1263 3769 1394 3836 Anioch.
1420 3766 1518 3833 368ss
1534 3765 1598 3847 τάς
1724 3755 1725 3776 A

309 3875 575 3961 χειρωνακτικάς
610 3875 815 3962 έπέίάωμεν
849 3881 907 3945 καί
929 3877 1127 3962 βαναύσους
1161 3877 1196 3964 (i.
1221 3896 1248 3946 e.
1285 3878 1407 3961 τέχνας
1440 3877 1491 3942 vel
1527 3874 1597 3940 ἐπι-

313 3982 512 4069 τηδεύσεις),
530 3985 625 4051 simil.
647 3984 817 4070 χειρῶναξ
837 3987 914 4055 Luc.
929 4006 1032 4055 somn.
1057 3990 1089 4069 9,
1113 3987 1197 4051 Plut.
1222 4004 1300 4052 mor.
1326 3986 1436 4051 8021.

421 4093 471 4157 Ad
495 4092 681 4168 Asiaticam,
707 4094 741 4159 id
765 4099 815 4160 est
838 4093 981 4160 Ionicum
1006 4094 1161 4177 originem
1187 4093 1310 4159 recedit
1326 4093 1459 4159 Aristot.
1486 4109 1597 4157 oecon.

312 4198 345 4264 II
368 4218 400 4282 p.
429 4201 585 4266 1346a4
620 4201 659 4266 de
695 4200 909 4284 vectigalibus
945 4208 1169 4283 satraparum:
1208 4198 1287 4283 έκτη
1316 4197 1354 4264 dd
1381 4198 1403 4281 η
1434 4196 1503 4263 ἀπὸ
1526 4199 1599 4262 τών

315 4302 441 4387 ἄλλων,
479 4305 726 4391 έπικεφάίαιόν
762 4326 799 4373 τε
833 4310 890 4374 καί
911 4306 1133 4393 χειρωνάξιον
1156 4306 1490 4391 προσαγορευομένη.
1537 4305 1599 4371 Est

313 4402 415 4493 igitur
432 4415 619 4499 pensitatio,
645 4435 727 4499 quae
744 4415 785 4481 ab
802 4416 972 4498 opificibus
988 4417 1111 4482 viritim
1127 4416 1274 4483 debetur.
1323 4412 1459 4480 Gemina
1475 4409 1599 4495 signifi·

313 4521 441 4587 catione
464 4524 597 4603 ponitur
617 4520 839 4606 χειρωνάξιον
862 4526 895 4591 in
921 4525 1043 4591 chartis
1059 4524 1267 4608 Aegyptiacis
1283 4522 1485 4603 maximeque
1509 4520 1599 4586 redit

314 4627 346 4691 in
372 4632 461 4692 certa
484 4628 637 4695 formula:
673 4634 785 4715 κοπῆς
818 4633 876 4697 καὶ
899 4631 1014 4715 τριχὸς
1048 4633 1105 4697 καί
1125 4628 1347 4715 χειρωναξίου
1382 4628 1491 4694 Greek
1515 4628 1596 4710 Pap.
