3475 5250
654 327 870 393 -35-

228 503 345 588 Φερνή
371 506 455 589 apud
473 507 653 588 complures
670 505 826 572 Graeciae
849 512 963 588 gentes
986 507 1018 571 iu
1042 526 1104 573 usu
1126 507 1198 590 init,
1222 509 1280 575 sed
1299 529 1397 576 seusu

114 616 206 681 varie
241 620 383 682 mutato.
429 614 525 695 Apud
547 615 745 681 Dorenses
771 615 892 698 legitur
919 616 951 680 iu
981 615 1193 698 inscriptione
1222 616 1398 698 Epidauria

114 723 168 788 IG.
187 721 259 788 Pel.
287 723 346 788 ins.
363 722 422 788 vic.
445 722 468 787 I.
489 724 563 802 914,
588 741 618 804 p.
637 724 708 790 191.
748 719 851 801 ιλ[ύεν
875 719 940 810 alal
962 720 1109 787 καλαίὸα
1131 727 1186 788 τᾶι
1202 721 1315 788 Λατοῖ
1334 719 1400 810 κα)ί

122 828 313 911 Ἂρτάμιτι,
346 825 455 894 ἄλλον
484 826 643 917 φερνίὰν
671 832 733 894 τῶι
764 827 846 894 dordr
869 827 995 912 nprddo
1017 827 1225 917 μέὸήμμνον,
1254 834 1398 913 ’σιτορῶν

117 934 345 1024 ήμίόιμμ)νον
361 985 369 1000 .
388 989 421 1004 ..
446 936 502 1001 ἐπὶ
529 939 590 1001 τοῦ
613 933 742 1024 diospoli
766 940 827 1001 τοῦ
858 934 1179 1024 Ἂοκλαιτιοῦίλιίεήν
1206 940 1314 1002 ταῦτα
1344 938 1401 1002 καί

116 1041 270 1108 καλαίόα
290 1040 457 1131 dedidere)
475 1046 537 1108 τῶι
555 1041 759 1109 Ἀσιιλαιτιῶι
776 1040 937 1131 φερήνὰν
952 1043 1078 1126 κριιλᾶν
1092 1042 1291 1127 μέὸιμμνον,
1309 1040 1400 1128 σήπο-

120 1153 190 1232 ρῶν
228 1148 452 1232 ήμίὸιμμνον,
489 1149 584 1215 οἰνον
617 1150 772 1233 ήμίτειαν
790 1205 797 1219 .
815 1201 848 1218 ..
895 1152 1064 1218 Nonnullis
1092 1153 1141 1218 dis
1172 1171 1265 1219 sacra
1287 1149 1399 1231 fiunto,

121 1259 228 1340 φερνή
262 1258 367 1339 igitur
395 1278 458 1324 nou
488 1265 539 1325 est
569 1259 636 1339 dos,
666 1261 723 1325 sed
751 1260 888 1341 simplex
915 1260 1033 1326 donum
1063 1260 1169 1343 „quod
1193 1256 1399 1342 papacor“¹).

120 1365 225 1430 liliam
258 1365 404 1432 Aeoles
433 1386 510 1433 uoce
539 1366 646 1449 φερνή
675 1367 726 1432 usi
754 1372 839 1451 suut,
876 1368 965 1433 euius
993 1367 1095 1434 forma
1125 1369 1210 1450 apud
1240 1385 1295 1432 eos
1331 1371 1402 1432 erat

123 1472 261 1554 φέρενα,
302 1471 341 1538 ci.
371 1473 545 1541 Herodian.
578 1493 614 1541 ιι.
637 1494 714 1556 μον.
738 1472 803 1556 λεξ.
828 1471 877 1556 Π,
906 1495 937 1556 p.
955 1475 1073 1539 939.9
1103 1475 1243 1558 φέρενα·
1282 1473 1400 1556 φερνή.

124 1576 262 1661 Αἰολεῖς
289 1577 327 1644 δὲ
352 1580 498 1662 φέρενον
521 1579 628 1663 αὐτήν
651 1579 806 1661 λέγουσιν
829 1580 959 1664 ὁμοίως
974 1586 1015 1664 τῇ
1032 1579 1187 1662 Ἕλενον,
1211 1583 1280 1648 sim.
1306 1589 1400 1664 etym.

124 1704 224 1768 magn.
265 1707 298 1769 p.
323 1689 397 1754 790.
423 1689 474 1753 41.
533 1688 582 1753 De
616 1687 808 1755 formatione
842 1690 915 1756 vide
949 1688 1133 1766 Hoffmann,
1169 1709 1215 1772 gr.
1249 1690 1333 1755 Dial.
1357 1689 1402 1770 11,

123 1813 150 1876 p.
168 1797 235 1860 248
262 1800 298 1861 et
324 1796 398 1861 529.
446 1796 528 1874 Quid
551 1795 783 1878 significaverit
807 1817 878 1877 vox,
904 1799 1072 1864 nescimus.

229 1903 351 1969 Dotem
380 1910 489 1969 autem
511 1902 673 1983 significat
697 1906 804 1987 φερνή
829 1906 915 1987 apud
938 1906 1052 1971 Ioues
1075 1904 1194 1970 Herod.
1219 1903 1245 1971 Ι.
1270 1904 1326 1968 93:
1366 1905 1401 1968 ui

124 2006 315 2092 θυγατέρες
338 2011 564 2092 ιιορνεήονται
578 2013 686 2076 πᾶσαι
705 2010 928 2094 οολλὲγοοοαί
946 2031 1040 2096 σφιοι
1063 2010 1226 2095 φερνάς.
1265 2011 1401 2077 Eodem·

127 2135 185 2198 que
209 2135 311 2183 sensu
336 2118 422 2200 apud
443 2119 595 2184 Atticos
619 2119 792 2201 scriptores
815 2121 937 2202 legitur
959 2120 1010 2187 his
1033 2120 1128 2187 locis:
1161 2118 1307 2200 Xenoph.
1324 2120 1400 2184 inst.

125 2221 205 2307 Cyri.
225 2227 257 2291 8.
286 2227 317 2290 5.
345 2229 383 2290 19
420 2223 599 2307 ἐιιιὸίόαηιι
630 2224 667 2291 δὲ
695 2226 780 2309 αὐτῇ
810 2226 876 2309 ἐγὼ
903 2228 960 2292 καί
992 2225 1146 2310 φερνήν
1175 2223 1312 2308 Μηὸίαν
1340 2225 1403 2308 τήν

126 2335 251 2397 πᾶσαν.
299 2334 449 2400 Aeschin.
474 2352 510 2399 ιτ.
534 2353 686 2417 ιιαραιτρ.
712 2336 750 2400 31
783 2337 861 2418 αερί
882 2336 946 2418 μὲν
969 2332 1031 2399 οὗν
1054 2339 1116 2416 τής
1139 2330 1177 2414 ἐξ
1198 2329 1303 2413 ἀρχῆς
1325 2330 1402 2411 κτή-

127 2456 211 2520 σεως
247 2445 312 2524 τής
337 2440 454 2523 χώρας
482 2441 540 2506 καί
566 2445 636 2506 τῶν
667 2439 804 2524 Θησέως
833 2441 978 2522 παίδων,
1015 2439 1064 2506 ὧν
1099 2437 1247 2520 Ἀκάμας
1274 2435 1404 2516 λέγεται

129 2546 286 2631 φερνήν
316 2545 372 2611 cul
398 2551 440 2631 τῇ
463 2548 596 2629 γυναικί
625 2546 743 2633 λαβεῖν
774 2548 837 2631 τήν
861 2550 980 2633 χώραν
1008 2548 1211 2631 ταύτην...
1236 2543 1314 2607 τότε
1340 2540 1404 2623 μὲν

129 2650 279 2735 ήρμοττε
295 2653 412 2735 λέγειν.
451 2655 571 2721 Unicus
595 2656 647 2722 hic
671 2657 759 2723 loeus
784 2663 833 2723 est
850 2660 936 2740 apud
952 2658 1142 2739 scriptorem
1159 2672 1234 2719 vere
1250 2651 1401 2730 Atticum,

129 2778 226 2841 quare
250 2763 369 2829 Pollux
393 2764 434 2829 ad
458 2783 528 2829 eum
553 2764 691 2830 recurrit
714 2766 748 2829 iu
772 2767 1023 2832 commendanda
1045 2760 1202 2850 τοεεΠΙ.
1225 2762 1266 2825 35
1295 2756 1404 2838 λέγοις

131 2862 160 2928 δ’
178 2866 221 2933 ἂν
245 2875 375 2953 προῖκα
399 2872 456 2936 καί
480 2870 608 2954 φερνὴν
631 2870 694 2954 τήν
716 2869 812 2953 παρὰ
835 2876 898 2953 τῆς
920 2868 1078 2952 γυναικὸς
1102 2867 1207 2935 δόσιν.
1242 2863 1404 2947 Αἰσχίνης

133 2972 192 3057 γὰρ
218 2976 237 3041 ὁ
259 2976 375 3060 ῥήτωρ
399 2977 462 3059 τήν
484 2982 610 3060 ιτροῖκα
635 2978 763 3061 φερνήν
786 2976 893 3046 καλεῖ.
932 2980 1078 3061 Denique
1099 2979 1149 3044 bis
1165 2976 1250 3059 apud
1267 2973 1403 3039 comicos

132 3088 244 3162 poetas
262 3085 296 3149 in
312 3085 559 3152 Anaxaudridae
574 3086 636 3169 irg.
648 3087 702 3155 41.
721 3088 762 3151 23
779 3087 885 3168 (Kock
899 3087 939 3151 ll.
955 3087 1029 3168 152,
1052 3086 1128 3150 Mei.
1141 3084 1199 3149 111.
1215 3082 1291 3163 183)
1308 3099 1403 3163 auap.

133 3192 287 3273 φερνάς
310 3210 346 3256 τε
369 3190 487 3276 λαβεῖν
511 3191 572 3258 δύο
596 3193 660 3275 μὲν
684 3192 823 3276 ξανθῶν
844 3193 961 3259 ῖιτιιων
978 3191 1110 3275 ἀγέλας,
1136 3198 1169 3258 et
1184 3191 1217 3255 in
1232 3188 1403 3254 Menandri

132 3292 188 3377 lrg.
208 3302 295 3366 1080
320 3300 425 3385 (Kock
440 3301 497 3366 Ill.
517 3302 591 3383 263,
616 3302 692 3368 Mei.
709 3301 763 3367 IV.
782 3300 859 3387 317)
878 3308 973 3384 etym.
989 3320 1095 3384 magu.
1120 3319 1152 3382 p.
1166 3300 1240 3363 710.
1257 3298 1300 3360 43
1325 3315 1404 3377 φερ-

133 3401 193 3484 νήν
217 3404 256 3472 δὲ
279 3406 342 3489 τήν
365 3413 491 3490 προῖκα
514 3408 572 3473 καί
594 3407 755 3492 Αἰσχίνης
777 3408 833 3474 nol
856 3405 1106 3490 Μένανδρος.

236 3515 452 3581 Athenienses
481 3516 580 3581 etiam
603 3516 833 3583 deminutivum
854 3516 994 3597 φερνίον
1022 3513 1248 3591 adhibuerunt,
1284 3510 1342 3576 sed
1370 3508 1402 3572 id

136 3619 261 3698 quidem
279 3642 376 3689 sensu
392 3623 488 3706 louge
501 3622 628 3689 diverso
641 3622 681 3689 de
696 3624 895 3705 ,‚sportula“‚
910 3642 938 3688 v.
951 3622 1041 3688 Eust.
1055 3621 1096 3688 ad
1108 3621 1200 3687 Hom.
1217 3639 1248 3700 p.
1260 3619 1333 3682 752.
1349 3618 1405 3681 59:

138 3730 256 3809 φερνία
273 3727 311 3794 ds
327 3728 458 3813 ίχιίνίων
474 3728 645 3814 σιτορίὸες.
681 3727 898 3813 Μένανδρος·
922 3729 941 3795 ὁ
957 3727 1112 3808 προσιὼν
1132 3728 1137 3812 Ι
1157 3728 1266 3809 γέρων
1283 3720 1406 3803 ἁλιεὺς,

137 3834 217 3914 παρ’
233 3833 274 3899 οὗ
292 3833 331 3901 τὸ
350 3838 489 3920 φερνίον
505 3838 622 3920 τρίτην
643 3836 648 3922 Ι
668 3837 797 3920 ταύτην
814 3834 997 3920 ἐιτριάμειλ’
1014 3836 1155 3919 ἡμέραν.
1180 3832 1219 3900 cf.
1237 3830 1406 3897 Menandri

138 3933 195 4018 irg.
214 3945 277 4007 717
303 3944 408 4026 (Kock
423 3944 480 4011 III.
502 3948 576 4027 204,
601 3946 676 4012 Mei.
693 3945 748 4011 IV.
767 3946 856 4027 253).
897 3943 998 4011 Simil.
1019 3942 1100 4009 Poll.
1125 3941 1180 4008 VI.
1198 3942 1250 4022 94,
1274 3939 1313 4004 X.
1334 3939 1406 4017 132,

138 4040 211 4113 Hes.
247 4069 273 4116 s.
301 4070 331 4117 v.
362 4053 498 4134 φέρμιο.
558 4052 725 4135 Scriptura
756 4053 897 4135 φερνίον
930 4069 1107 4133 sensusque
1143 4051 1407 4116 commemoratus

139 4152 362 4266 confirmantur
381 4159 461 4226 locis
478 4159 620 4243 Alciphr.
635 4160 660 4241 Ι,
686 4180 737 4244 ep.
755 4162 774 4224 9
800 4167 833 4225 et
854 4159 1036 4227 nelma
1061 4156 1162 4223 XVII.
1181 4158 1232 4221 18.
1269 4154 1408 4237 φερνίον

140 4258 235 4339 lgitur
259 4271 319 4347 est,
343 4286 406 4349 quo
430 4266 507 4349 qnid
532 4268 679 4350 φέρεται,
713 4267 797 4334 sicut
821 4265 950 4350 ἀρτάνη
975 4270 1034 4347 est,
1066 4283 1128 4347 quo
1152 4262 1230 4346 quid
1254 4260 1407 4343 ἀρτᾶται.

142 4406 348 4429 κ·-

241 4511 264 4584 1)
289 4514 323 4568 Iu
340 4514 519 4584 inscriptione
538 4514 718 4581 dulcumensi,
745 4515 784 4569 Le
802 4514 865 4581 Bas,
892 4514 975 4570 inser.
995 4512 1028 4569 de
1048 4509 1151 4579 lierda,
1170 4510 1237 4566 iaso.
1257 4512 1283 4579 5,
1306 4526 1333 4579 p.
1347 4510 1409 4576 221,

143 4604 180 4647 111·
192 4598 250 4657 286.
265 4604 281 4658 6
299 4603 337 4675 (r.
349 4602 418 4663 thes.
433 4604 541 4677 Steph.)
561 4597 647 4677 φερνή
661 4604 769 4660 omniuo
781 4619 836 4658 non
848 4603 960 4675 legitur,
980 4602 1013 4658 ci.
1027 4601 1123 4658 IGPal
1138 4600 1161 4655 I.
1177 4617 1205 4671 p.
1214 4601 1280 4746 321⁰,
1292 4615 1334 4653 nr.
1347 4600 1409 4655 840.
