3475 5250
725 351 969 416 -lll-=-

210 526 447 615 Δημιονργοός
475 545 518 594 sc.
548 527 694 611 Athenis,
724 529 820 596 simil.
845 531 926 597 Poll.
951 531 1038 599 VIII.
1065 534 1125 596 111
1158 532 1265 600 hanst.
1291 551 1331 599 ex
1353 534 1489 603 Aristot.

209 637 288 706 πολ.
319 634 435 719 Ἂόην.
460 634 500 702 ci.
524 634 587 717 irg.
614 637 633 701 2
657 642 692 728 et
715 637 735 702 3
759 638 793 704 in
809 637 1049 706 Wilamowitzii
1067 640 1144 707 edit.
1176 639 1284 707 Etiam
1300 641 1394 708 Plato
1409 642 1492 708 hene

211 765 319 814 vocem
344 744 475 812 exhibet
496 744 596 828 chg.
620 745 659 812 V.
685 745 792 810 73111.

315 853 398 920 Item
414 853 448 918 in
465 870 542 920 voce
561 852 740 935 πορπάω
764 853 884 921 vocalis
906 872 926 918 a
946 852 987 919 ab
1003 853 1162 937 Aeschylo
1179 860 1389 922 conservatur
1404 854 1492 942 (vide

211 979 242 1044 p.
269 959 303 1041 5)
330 961 436 1027 Prom.
462 961 502 1024 61
534 959 621 1026 trim.
657 960 715 1026 καὶ
742 959 844 1046 τήνόε
872 964 936 1026 νῦν
962 961 1183 1044 πόρπασον
1211 961 1390 1047 ἀσφαλῶς,
1428 966 1488 1029 141

211 1087 306 1150 enap.
334 1066 397 1150 οἵῳ
422 1064 538 1149 όέσμῳ
567 1066 897 1150 προσπόρπατος
924 1069 1032 1154 (codd.
1056 1069 1152 1136 Lanr.
1169 1067 1259 1152 πρός
1280 1070 1427 1154 πατρός)
1451 1071 1490 1139 ci.

210 1175 450 1242 Wilamowitnii
478 1173 626 1242 Hereel.²
663 1194 780 1246 comm.
817 1177 859 1243 ad
894 1196 922 1243 v.
947 1179 1023 1252 959,
1060 1177 1116 1261 qui
1150 1178 1283 1245 verbum
1319 1178 1493 1246 Siceliotae

164 1279 167 1284 ’
210 1283 436 1350 consuetudini
453 1281 636 1350 vindicavit.
680 1284 787 1366 Atque
811 1282 844 1350 id
867 1281 962 1351 lacile
979 1284 1182 1352 concedimus
1206 1303 1315 1353 vocem
1338 1284 1493 1369 πόρπαξ·

212 1387 337 1474 ὄχανον
365 1393 427 1473 τῆς
455 1387 610 1472 ἀσπίδος,
646 1392 766 1474 quippe
793 1410 877 1475 quae
904 1409 957 1458 res
985 1391 1241 1459 aDoriensihus
1275 1394 1407 1460 inventa
1437 1395 1491 1473 sit,

211 1498 362 1565 Doricam
391 1515 473 1580 esse,
505 1499 591 1581 quod
618 1498 697 1564 item
721 1500 808 1566 valet
831 1499 872 1565 de
896 1518 974 1566 voce
998 1497 1223 1584 ἐπιπόρπαμα
1247 1519 1299 1584 sp.
1324 1500 1493 1567 Platonem

214 1607 384 1690 comicum,
421 1605 458 1672 el.
483 1606 563 1673 Poll.
588 1605 628 1672 X.
655 1605 980 1690 haudquadquam
1009 1604 1048 1672 dd
1070 1605 1272 1691 κιόορῳόοῦ
1296 1609 1414 1692 σκευή,
1445 1605 1494 1688 ὡς

213 1710 366 1778 Πλάτων
390 1712 427 1778 όν
455 1718 532 1794 ταῖς
562 1712 629 1797 ἀφ’
647 1714 778 1797 ·ῑερῶν·
815 1712 908 1780 όότω
935 1714 999 1798 τὴν
1022 1713 1173 1800 κιόάρον
1195 1735 1248 1797 τις
1270 1713 1416 1782 ἔνόοόεν
1438 1716 1495 1781 καὶ

213 1819 546 1903 τοάπιπόρπαμα
569 1819 645 1903 (ing.
672 1822 712 1887 10
736 1822 829 1888 Koch
852 1823 878 1888 Ι.
904 1823 978 1904 603,
1007 1822 1082 1890 Mei.
1108 1823 1150 1890 II.
1177 1827 1251 1906 617,
1277 1825 1316 1893 V.
1340 1822 1410 1907 42),
1434 1842 1495 1891 nee

213 1947 277 1994 non
311 1929 485 2010 Euripides
520 1927 690 2011 πόρπομα
723 1929 770 1996 sie
805 1931 976 2013 scripsisse
1011 1931 1141 1998 videtur
1174 1932 1268 1999 Herc.
1306 1934 1371 1998 959
1396 1932 1494 2014 trim.,

213 2035 262 2100 El.
288 2037 353 2102 820
376 2035 476 2117 trim.,
511 2035 607 2102 Rhes.
632 2038 698 2101 442
721 2036 843 2123 trim.¹)
890 2037 929 2104 Id
964 2056 1078 2105 revera
1113 2040 1301 2107 vocobulum
1336 2041 1370 2106 in
1399 2039 1495 2107 titulo

213 2144 385 2227 Delphico,
422 2161 492 2210 cum
527 2162 581 2211 res
612 2145 776 2227 pretiosae
812 2152 1056 2228 enumerentur,
1093 2147 1221 2215 obvium
1250 2152 1302 2215 est
1335 2145 1422 2212 0.·B.
1452 2146 1495 2214 Π.

214 2252 312 2317 2501.
329 2253 369 2317 31
396 2251 477 2339 (380
493 2271 523 2318 a.
541 2250 616 2318 Ohr.
633 2253 678 2337 n.)
701 2272 769 2337 πορ
783 2250 935 2336 Νάματα
958 2254 1043 2338 (lege
1065 2255 1347 2339 πορπάματα).

321 2359 440 2426 Tamen
472 2361 567 2428 huius
603 2361 716 2445 stirpis
740 2361 821 2429 satis
855 2363 958 2428 multa
985 2363 1172 2428 testimonia
1200 2365 1286 2445 apud
1315 2362 1489 2444 scriptores

213 2484 277 2532 non
294 2466 469 2535 Dorienses
489 2468 651 2552 leguntur,
675 2469 792 2552 quihus
817 2469 1046 2552 comprobatur
1069 2470 1205 2552 stirpem
1221 2470 1339 2553 πόρπη
1364 2470 1397 2534 in
1422 2469 1494 2551 ipsa

215 2573 352 2642 Graecia
379 2581 489 2643 notam
511 2573 627 2661 luisse;
659 2595 794 2659 quorum
819 2578 1012 2661 gravissima
1041 2578 1119 2645 mihi
1143 2584 1276 2661 praesto
1300 2582 1376 2645 sunt
1398 2577 1495 2645 haec:

214 2680 308 2749 Hom.
326 2680 357 2747 Σ
371 2684 434 2749 401
448 2712 493 2739 =
505 2683 537 2750 h.
555 2684 634 2751 Ven.
651 2686 713 2749 164
735 2684 901 2769 πόρπας
916 2705 954 2752 τε
967 2686 1147 2770 γναμπτάς
1163 2684 1198 2752 d'
1215 2684 1330 2768 ἕλικος
1345 2683 1497 2767 κάλυκάς

215 2807 252 2855 τε
282 2778 340 2855 καὶ
368 2787 507 2873 ὅρμους,
543 2792 654 2874 Eurlp.
685 2792 733 2858 El.
764 2794 829 2863 318
854 2794 941 2862 trim.
979 2794 1073 2877 φάρη
1105 2794 1267 2878 χρυσέαις
1303 2791 1496 2876 ἐζευγμέναι

215 2896 458 2982 πόρπαισιν,
494 2897 591 2964 simil.
619 2899 697 2965 Hac.
726 2902 821 2985 1170,
858 2900 979 2968 Phoen.
1006 2904 1048 2968 62
1072 2903 1175 2983 trim.;
1211 2902 1331 2967 Herod.
1354 2899 1428 2968 VH.
1454 2902 1494 2965 77

216 3004 449 3090 ἐνεπορπέοτο
486 3004 624 3089 εῖματα;
660 3006 795 3091 Lycurg.
832 3010 865 3075 iu
897 3009 1008 3076 Leocr.
1041 3011 1152 3077 153.-5
1188 3006 1294 3074 όιπλά
1327 3006 1497 3092 όαόμάτια

216 3110 557 3199 ἐμπεπορπημένους.
618 3114 766 3197 Denique
800 3114 930 3199 πόρπη,
972 3118 1191 3200 ονμπορπάν,
1228 3115 1412 3200 ἐμπορπάν
1444 3114 1496 3181 vel

217 3220 419 3305 ἐμπορποόν
434 3220 587 3306 frequens
611 3228 662 3289 est
684 3223 718 3289 in
743 3224 853 3306 lingua
870 3223 1029 3291 communi
1053 3224 1142 3291 velut
1156 3223 1244 3289 LXX
1259 3223 1360 3291 Exod.
1375 3225 1427 3289 36.
1444 3224 1494 3298 13,

215 3326 240 3393 Ι.
265 3329 367 3396 Mace.
395 3332 445 3399 10.
464 3334 517 3417 89,
544 3336 594 3399 14.
611 3334 664 3414 44,
688 3331 730 3401 ΙΙ.
761 3332 862 3399 Maec.
889 3335 956 3397 7.5
980 3332 1022 3398 al.
1069 3331 1191 3399 Contra
1215 3334 1301 3416 apud
1325 3331 1495 3399 Siceliotes

215 3434 339 3502 nullum
361 3437 535 3520 vestigium
559 3445 666 3507 exstat
688 3439 784 3505 huius
808 3440 931 3523 stirpis.
1203 3464 1206 3472 ·
1441 3528 1444 3534 ¹

200 3592 201 3595 ,
323 3542 435 3628 Neque
470 3546 570 3627 igitur
610 3548 718 3613 dicere
751 3547 831 3614 licet
865 3547 1080 3615 Athenienses
1116 3547 1236 3613 dixisse
1271 3545 1400 3631 περόνη
1435 3566 1495 3630 pro

215 3651 344 3735 πόρπη,
380 3671 463 3735 quae
493 3652 591 3736 plane
619 3654 716 3721 aliter
737 3656 899 3722 instructa
926 3660 986 3732 est,
1021 3674 1096 3721 nam
1118 3654 1249 3739 περόνη
1285 3659 1336 3721 est
1358 3653 1495 3736 simplex

218 3757 335 3842 clavus,
360 3758 479 3844 πόρπη
503 3759 602 3828 fibula
626 3761 680 3846 (ef.
697 3761 884 3829 Prellwitzii
907 3782 933 3830 s
950 3782 978 3829 v.
1002 3762 1144 3845 πόρκης,
1168 3761 1312 3846 πόρπη).

323 3865 459 3951 μελλώ
495 3870 536 3937 ab
572 3870 731 3937 Ahrensio
760 3870 835 3937 dial.
860 3870 902 3937 ΙΙ.
937 3890 968 3953 p.
993 3872 1057 3936 389
1093 3871 1179 3938 inter
1213 3869 1367 3952 Aeschyli
1402 3888 1495 3937 voces

218 3971 401 4042 Sicilienses
419 3982 636 4062 enumeratur,
652 3998 748 4063 quam
764 3983 862 4060 poeta
878 3978 934 4043 ille
951 3976 1083 4045 exhibet
1097 3978 1157 4060 Ag.
1172 3978 1258 4043 1356
1275 3977 1391 4063 (1310)
1408 3976 1493 4042 trim.

218 4080 414 4162 „Dorienses
437 4082 592 4150 feminina
616 4085 708 4150 111-ὠ
733 4084 859 4152 amase
876 4084 1034 4151 videntur.
1067 4084 1206 4167 Propria
1223 4091 1310 4152 certe
1326 4084 1392 4150 illis
1408 4088 1494 4165 sunt,

217 4206 300 4271 quoe
327 4189 507 4276 Hesychius
535 4190 629 4259 effert
656 4190 853 4276 άνόρωπώ·
889 4191 911 4275 ἡ
939 4191 1023 4275 ηννη
1052 4189 1148 4276 παρά
1170 4190 1312 4258 Λάκωσι
1335 4196 1369 4259 et
1395 4190 1495 4256 κινώ·

216 4296 347 4381 κίνησις
363 4296 505 4384 Δωριεῖς
522 4300 627 4385 (Nom.
644 4320 756 4385 propr.
773 4319 824 4385 ap.
842 4299 1028 4382 Empedocl.
1040 4298 1102 4383 frg.
1119 4300 1192 4369 123.
1208 4301 1288 4384 21)).
1319 4301 1496 4367 Praeterea

218 4468 433 4485 ffl-

321 4571 345 4643 ¹)
363 4568 448 4625 Oodd.
466 4570 661 4643 πορπάσμασιν
680 4569 725 4626 val
742 4563 919 4644 πορπῆμασιν
937 4566 1000 4623 vide
1018 4566 1185 4625 Weckleinit
1204 4565 1270 4624 adit.
