3475 5250
800 261 1021 326 ..40-

275 439 475 506 Herodotum
491 438 680 521 plerumque
696 457 759 505 nun
776 439 881 521 Iones,
906 440 961 522 qui
977 438 1202 522 θεοπρόπους
1215 439 1360 522 mittunt,
1380 443 1437 510 sed
1451 441 1551 509 Lace·

277 547 447 627 daemonii,
473 546 614 612 Thebani
631 545 697 613 alii.
731 547 876 628 Scriptor
891 567 1007 613 nomen
1023 549 1165 614 Ionicum
1181 549 1360 630 substituit,
1386 548 1424 615 ci.
1441 550 1495 616 VI.
1508 553 1549 614 57

277 655 363 739 apud
387 653 737 720 Lacedaemonios...
763 655 794 718 ot
819 652 856 719 όό
879 651 1010 720 Πόθιοί
1032 656 1094 720 είσι
1116 654 1312 737 θεοπρόποι
1334 655 1370 738 ἐς
1385 654 1551 740 Δελφούς.

277 763 410 829 Accedit
437 761 552 826 titulus
576 761 722 828 Milesius
750 763 784 827 in
807 762 1052 846 Dittenbergeri
1081 762 1228 846 sylloga²
1253 783 1300 829 ur.
1321 767 1432 831 660.5
1458 769 1492 830 et
1515 767 1552 831 8:

281 869 302 935 ἃ
325 868 380 955 [dd
404 867 461 956 ἂ]ν
485 868 503 933 ό
528 867 613 948 θεὸς
634 866 794 952 θεσπίση,
820 871 852 934 οἱ
873 869 937 953 μὲν
959 868 1156 954 θεοπρόποι
1180 870 1483 952 είσαγγειλάσωσοκ
1506 872 1555 953 είς

279 977 460 1060 ἐκκλησίαν
477 1030 484 1044 .
503 1025 536 1042 ..
560 975 646 1061 κ]ο[
644 978 673 1056 ί]
695 975 890 1059 θεοπρόποι
912 976 1090 1061 ᾑρέθησαν
1113 977 1185 1044 κτλ.
1222 980 1348 1045 Titulus
1367 979 1421 1044 IV.
1434 979 1555 1045 saeculi

278 1087 340 1152 etsi
358 1086 465 1151 Attica
489 1084 626 1150 dialecto
651 1084 850 1166 conscriptus
875 1092 936 1166 est,
959 1092 1067 1152 tamen
1088 1086 1181 1168 copia
1196 1085 1364 1152 verborum
1381 1105 1498 1170 magna
1514 1105 1555 1152 ex

278 1197 372 1276 parte
396 1195 438 1260 ad
452 1193 594 1259 Ionicam
619 1194 882 1259 consuetudinem
905 1193 1038 1270 recedit,
1064 1191 1334 1277 οί.1.3ἄγεροις,
1359 1192 1554 1277 5θεσπίση,

278 1303 425 1384 idemque
461 1303 500 1367 de
533 1318 611 1366 voce
644 1298 846 1384 θεοπρόπος
881 1301 1027 1366 nuntium
1057 1299 1260 1383 significante
1291 1302 1460 1367 dicendum
1494 1307 1554 1368 est.

279 1409 321 1474 Et
355 1409 441 1491 qnod
462 1399 507 1473 ¹in
542 1407 751 1488 inscriptione
786 1407 920 1489 Delphis
955 1413 1086 1489 reperta
1114 1408 1271 1488 Delphica
1306 1408 1444 1474 dialecto
1481 1427 1555 1475 con·

280 1517 401 1599 scripta
416 1514 472 1581 Ill.
497 1513 565 1581 fere
589 1515 718 1595 saeculi,
743 1515 887 1580 Dittenb.
904 1513 994 1597 syll.²
1020 1534 1068 1580 nr.
1086 1518 1150 1581 484
1174 1513 1276 1598 (o-B.
1294 1517 1390 1580 2645.
1407 1516 1451 1598 2),
1476 1516 1555 1600 legi·

280 1628 333 1691 tur
357 1621 594 1705 Μοιροφάνης
617 1618 851 1704 Μενεκρόσεος
882 1620 1123 1705 θεοπρόπος
1150 1624 1208 1688 καί
1229 1621 1439 1706 πρεσβευτὰς
1461 1622 1557 1707 παρὰ

280 1735 342 1797 τοῦ
366 1729 477 1813 όήμοο
500 1732 561 1795 τοῦ
578 1726 789 1812 Σαρὸιονῶν,
814 1731 885 1796 sine
908 1729 1005 1795 dubio
1028 1731 1135 1814 verba,
1162 1731 1277 1814 quibus
1303 1749 1419 1810 munus
1437 1731 1557 1796 Metro·

280 1838 395 1921 phanis
435 1836 636 1916 describitur,
676 1835 918 1919 Sardianorum,
958 1856 1022 1902 non
1055 1838 1254 1920 Delphorum
1293 1838 1556 1905 consuetudinem

281 1946 404 2028 prodit;
439 1945 514 2010 talis
545 1945 630 2010 enim
658 1946 792 2010 nuntius
815 1945 950 2028 Delphis
979 1945 1063 2012 solet
1090 1947 1198 2012 vocari
1226 1944 1356 2028 θεορός
1385 1943 1559 2032 (θεωρός),

282 2053 319 2119 ci.
356 2053 450 2118 indic.
480 2051 563 2120 c-B.
593 2051 638 2118 IV
660 2070 691 2133 p.
713 2053 774 2117 198
787 2070 834 2135 sq.
897 2052 1043 2135 Denique
1078 2053 1189 2119 eodem
1227 2071 1322 2120 sensu
1357 2051 1560 2136 θεοπρόπος

282 2161 380 2226 θείοιο
414 2160 499 2241 apud
535 2159 731 2225 recentiores
767 2159 897 2242 legitur,
932 2159 1020 2225 velut
1043 2160 1127 2228 Plut.
1151 2160 1228 2226 Fab.
1255 2162 1295 2225 18
1329 2160 1387 2225 καί
1420 2159 1483 2242 γὰρ
1512 2161 1560 2241 είς

283 2266 438 2350 Δελφοὺς
473 2264 636 2349 ἐπέμφθη
671 2264 873 2349 θεοπρόπος
899 2264 1040 2351 Πίκτωρ
1077 2266 1236 2350 cappanis
1265 2264 1403 2351 Φαβίου.
1456 2266 1557 2333 Simil-

285 2378 374 2443 Rom.
392 2377 444 2456 28,
468 2375 542 2442 Nic.
560 2375 610 2455 13,
636 2373 714 2440 Cim.
732 2376 781 2456 18,
806 2394 886 2442 mor.
910 2395 941 2458 p.
959 2377 1024 2441 438
1040 2376 1078 2443 Α.
1091 2375 1140 2459 Β.,
1163 2376 1241 2442 Luc.
1256 2377 1347 2442 Alex,
1365 2379 1417 2441 41.

388 2482 536 2564 Denique
551 2479 750 2563 θιοπροπίω
766 2481 851 2562 apud
868 2483 1039 2550 Boeotos
1055 2484 1089 2549 in
1104 2501 1166 2550 usu
1182 2486 1262 2564 erat,
1286 2482 1324 2548 ci.
1339 2481 1419 2550 les.
1432 2483 1457 2548 l.
1472 2484 1558 2548 3208

285 2591 383 2676 (o-B.
401 2591 426 2656 Ι.
444 2587 533 2676 494),
568 2588 623 2656 lv.
641 2588 769 2655 saeculo
793 2594 945 2657 exeunte:
980 2590 1017 2656 In
1048 2592 1177 2674 tripode
1200 2590 1378 2658 dedicando
1401 2590 1436 2656 bi
1459 2590 1560 2674 magi·

284 2706 406 2767 stratus
430 2703 675 2765 enumerantur:
712 2694 927 2780 ἄρχοντος..
953 2697 1272 2783 ἀφεόριοσεοόντωκ
1290 2752 1296 2766 .
1316 2753 1322 2767 .
1346 2698 1558 2782 γραμματεύ-

287 2826 387 2887 οιπος
404 2856 411 2871 .
427 2858 433 2870 .
451 2805 694 2889 μονιευομέκω
711 2853 740 2870 ..
757 2802 1027 2889 θιοπροπίοντος
1044 2861 1072 2875 ..
1089 2806 1377 2889 Γιορ]οσεόονκος.
1400 2807 1438 2872 In
1449 2806 1559 2889 lapide

285 2911 379 2993 ΟΙΠ;
404 2913 544 2993 Boeckh,
562 2912 641 2978 GIG.
658 2913 684 2992 I,
701 2932 732 2994 p.
748 2916 766 2977 7
771 2916 811 2977 76
829 2914 1063 2996 interpretatus
1079 2919 1144 2979 est:
1168 2915 1330 2996 interpres
1346 2914 1558 2979 oraculorum.

283 3022 372 3087 Idem
399 3020 532 3087 verbum
561 3024 650 3086 extat
677 3018 956 3089 taatrennu
981 3021 1084 3105 (c-B.
1109 3024 1183 3087 864.
1202 3021 1235 3103 5)
1259 3018 1561 3105 θ[ιοπ]ροπίοκιος

286 3126 410 3196 Δικίοο.
457 3128 515 3195 Vis
549 3126 695 3193 vocabuli
730 3127 782 3193 vix
816 3130 964 3209 praecise
999 3128 1128 3195 deliniri
1156 3133 1282 3210 potest3
1317 3128 1449 3194 nuntius
1474 3132 1560 3193 certe

285 3235 446 3319 significat
462 3235 665 3302 sacerdotum
682 3235 842 3316 quoddam
860 3254 972 3318 genus,
990 3234 1129 3302 fortasse
1144 3240 1182 3300 ut
1196 3235 1298 3301 uoluit
1314 3236 1444 3301 Boeckh
1461 3236 1560 3301 inter·

285 3349 409 3425 pretem
434 3342 646 3423 oraculorum,
670 3342 800 3407 minime
823 3362 899 3409 vero
924 3344 1071 3410 nuntium
1093 3343 1202 3410 Ionico
1225 3362 1324 3409 more.

389 3452 446 3533 Ea,
471 3469 553 3533 quae
577 3449 734 3516 aThoma
749 3450 834 3533 Mag.
859 3470 890 3533 p.
911 3453 984 3517 180.
1003 3452 1022 3516 8
1045 3451 1082 3516 R.
1108 3451 1147 3516 de
1171 3468 1249 3517 voce
1268 3448 1471 3533 θεοπρόπος
1486 3467 1559 3516 con·

287 3564 378 3645 gesta
402 3564 486 3641 suut,
512 3558 592 3623 nihil
618 3558 691 3625 novi
715 3558 843 3624 docent.

389 3667 457 3734 Iam
481 3667 624 3733 videmus
649 3665 838 3749 Sophoclem
862 3666 994 3733 Homeri
1017 3684 1138 3733 morem
1162 3666 1262 3748 sequi,
1286 3683 1308 3729 a
1331 3683 1394 3747 quo
1410 3665 1560 3749 Aeschyli

286 3794 362 3844 usus
397 3775 493 3857 plane
528 3774 690 3840 abhorret.
736 3774 769 3839 Is
794 3792 864 3839 cum
893 3773 1071 3840 recentiore
1100 3774 1177 3839 Iade
1211 3772 1451 3838 accuratissime
1487 3791 1561 3839 con·

288 3884 396 3951 sentit.
446 3882 618 3961 Quaeritur
641 3881 749 3963 igitur,
787 3885 894 3947 utrum
919 3881 970 3947 bic
993 3900 1070 3948 usus
1093 3899 1181 3947 mere
1204 3880 1332 3947 Ionicus
1356 3878 1454 3946 fuerit
1477 3898 1517 3945 au
1542 3899 1561 3946 e

289 3990 447 4058 communi
470 3994 507 4055 ut
530 3990 577 4054 ita
600 3988 704 4055 dicam
727 3994 761 4055 et
776 3987 863 4055 Indis
882 3993 915 4054 et
931 3989 1073 4055 Atthidis
1089 3989 1177 4054 fonte
1192 3989 1397 4071 repetendus,
1424 3988 1560 4071 ideoque

287 4101 414 4183 priscae
439 4097 564 4164 Atthidi
593 4096 803 4162 vindicandus
832 4097 885 4162 sit.
933 4097 1021 4175 Quae
1049 4096 1195 4179 quaestio
1224 4101 1261 4162 ut
1284 4097 1463 4178 dirimatur,
1496 4116 1559 4163 non

286 4209 378 4291 parvi
401 4206 555 4272 momenti
579 4209 628 4271 est
651 4210 685 4269 et
707 4223 823 4270 nomen
846 4224 956 4288 propr.
982 4203 1182 4288 Θεόπροπος
1207 4210 1239 4270 et
1261 4203 1484 4287 veriloquium.

390 4315 427 4379 N.
443 4333 492 4396 pr.
512 4310 712 4395 Θεόπροπος
735 4313 897 4393 reperitur
1299 4316 1303 4325 ‘

342 4421 368 4485 Ι.
393 4420 538 4501 Athenis,
561 4420 635 4485 vide
659 4419 827 4501 Kirchner,
850 4438 980 4502 prosop.
1006 4418 1116 4485 Attica
1137 4439 1186 4488 nr.
1204 4420 1388 4486 7043-45.

450 4532 479 4593 1.
501 4527 578 4593 GIA.
596 4527 622 4592 Ι.
638 4528 702 4592 457
729 4523 764 4593 Θ.
780 4524 996 4613 [Αθονσίόος
1018 4525 1071 4594 fin.
1090 4528 1128 4593 V.
1145 4546 1228 4593 saec.
1289 4582 1291 4586 ,
