3475 5250
699 331 922 394 ...95-

174 507 342 591 potissime
360 508 535 591 appellere,
560 507 616 574 ubi
640 507 725 592 ἀκτή
747 529 844 576 naves
861 514 1018 576 tueretur.
1065 509 1236 594 Restant¹)
1260 515 1369 576 autem
1392 510 1455 576 duo

170 617 242 698 loci,
266 617 382 699 quibus
409 616 583 698 Aeschylus
607 619 735 698 poetica
751 617 884 684 licentia
907 636 984 684 usus
1008 621 1067 698 est,
1093 618 1177 683 alter
1192 617 1252 699 Ag.
1279 618 1342 681 697
1359 615 1454 702 (673)

171 724 258 790 chor.
284 721 471 806 Σιμόεντος
494 721 623 803 uaeas
647 722 707 788 ἐπ’
733 721 971 808 ἀεξιφύλλους,
1006 744 1101 808 quem
1129 743 1195 789 una
1219 743 1289 790 cum
1312 724 1453 790 Pindaro

170 831 393 914 tractabimus,
421 832 516 919 *alter
541 830 681 913 Chueph.
710 834 773 896 722
798 833 892 916 (703)
927 851 1023 914 anap.
1053 829 1230 898 ὠπάτνια
1261 828 1363 915 poco
1397 831 1455 896 καί
1528 914 1533 919 ὁ

170 938 283 1004 πότνι’
322 937 426 1021 ἀκτὴ
447 939 621 1023 χώματος,
657 937 679 1021 ἣ
707 941 770 1004 νῦν
807 939 880 1017 ἐπὶ,
897 938 1058 1022 ναυάρχῳ
1093 940 1226 1022 σώματι
1260 944 1370 1004 κεῖσαι
1403 941 1453 1020 τῷ

170 1043 341 1129 βασιλείῳ,
380 1046 418 1112 cf.
446 1046 682 1113 Wilaunowitzii
707 1051 877 1114 comment.
912 1067 944 1129 p.
969 1049 1043 1110 221.
1091 1047 1270 1130 Explicatio
1299 1048 1374 1113 inde
1397 1067 1453 1128 pe·

170 1155 269 1220 tenda
294 1160 353 1236 est,
378 1155 465 1238 quod
488 1155 671 1237 sepulcrum
689 1153 774 1238 άιπή
799 1161 859 1238 est,
885 1154 1058 1237 „scopulus
1082 1155 1115 1220 in
1140 1174 1198 1221 ora
1214 1155 1313 1222 maris
1336 1153 1452 1236 situs“‚

172 1263 214 1327 ad
237 1281 332 1345 quem
356 1263 479 1337 classis,
494 1263 559 1328 dux
583 1267 640 1328 aut
663 1263 763 1345 periit
786 1267 842 1328 aut
866 1262 1019 1344 appulsit.

277 1370 470 1455 Priusquam
495 1370 812 1452 comprehendamus,
838 1370 917 1452 quid
941 1371 981 1436 de
1003 1388 1102 1437 sensu
1125 1370 1212 1437 vocis
1236 1371 1369 1453 eiusque
1391 1389 1452 1436 usu

170 1478 256 1558 apud
274 1478 488 1546 Athenienses
504 1477 713 1561 reliquosque
729 1477 887 1559 Helladis,
901 1479 922 1542 i.
940 1497 967 1544 e.
986 1477 1182 1546 continentis
1199 1477 1352 1558 Graecae,
1366 1479 1452 1544 iuco-

169 1585 218 1650 las
235 1592 401 1668 sequatur,
426 1587 615 1652 tractandus
632 1586 724 1652 nohis
741 1591 792 1652 est
808 1586 1005 1652 Pindarus
1021 1593 1155 1667 propter
1179 1586 1360 1652 artissimas
1383 1587 1453 1652 eius

171 1712 240 1758 cum
272 1692 421 1776 Aeschyli
446 1693 586 1759 dictione
602 1693 851 1758 vicissitudines.
900 1691 933 1757 Is
949 1679 1219 1774 significationem
1242 1695 1453 1776 paeninsulae

171 1820 235 1866 nou
261 1801 401 1878 exhibet,
424 1819 520 1883 quam
544 1806 653 1866 tamen
678 1801 764 1883 apud
788 1800 1071 1884 Bacchylidem
1094 1800 1165 1868 XV.
1192 1803 1232 1866 16
1263 1803 1302 1866 de
1327 1802 1453 1868 (lenaeo

171 1911 290 1976 dictam
322 1911 414 1992 legis.
463 1908 584 1974 Contra
620 1907 704 1992 άιπή
741 1909 770 1974 ei
807 1916 857 1976 est
892 1908 971 1974 litus
995 1909 1129 1991 rupibus
1164 1910 1331 1976 horridum
1364 1911 1455 1978 velut

168 2016 229 2098 frg.
256 2018 319 2080 203
345 2014 483 2098 πελάγει
506 2013 539 2080 d’
567 2014 603 2080 dv
627 2013 856 2100 πολυχρύσοιο
887 2013 1042 2082 πλοιίπου
1066 2017 1194 2097 πάντες
1225 2015 1282 2083 ἴσα
1304 2015 1455 2101 πλέομεν

170 2119 307 2204 ψευάῆ
330 2121 434 2205 πρὸς
457 2120 598 2204 ἀκτάν,
623 2142 667 2189 sc.
684 2123 739 2190 ubi
756 2125 917 2206 perimus;
942 2125 1037 2190 simil.
1055 2125 1149 2208 Pyth.
1164 2125 1218 2191 IV.
1245 2127 1300 2209 36,
1325 2126 1381 2192 Xl.
1400 2129 1452 2196 21.

170 2229 329 2313 imprimis
354 2231 378 2295 1.
404 2232 445 2295 79
471 2230 624 2296 delitare
648 2249 751 2312 prope
776 2230 954 2314 Himeram,
979 2250 1075 2315 quam
1092 2233 1269 2316 Aeschylus
1284 2232 1345 2315 ing.
1365 2235 1453 2301 322

170 2342 264 2404 vocat
299 2335 527 2419 ὑψίκρημνος.
574 2337 723 2421 Denique
747 2344 799 2405 ter
822 2358 932 2406 vocem
957 2348 1094 2423 usurpat
1129 2342 1169 2408 de
1193 2343 1276 2408 ostio
1300 2341 1453 2426 fluminis,

169 2445 217 2510 ita
232 2450 268 2511 ut
285 2444 463 2528 Aeschylus
479 2444 549 2512 loco
568 2465 667 2530 snpra
682 2447 824 2512 nondum
842 2447 992 2530 expedito
1008 2445 1102 2516 Nem.
1118 2449 1174 2515 IX.
1193 2451 1237 2515 40
1252 2447 1456 2533 βαθυκρήμ-

169 2571 257 2618 νοισι
280 2550 319 2618 ιδ’·
340 2551 430 2636 ἀμφ’
448 2550 595 2635 ἀκταῖς
617 2550 847 2637 Ἑλώρουθί.
865 2555 937 2621 Vll.
954 2556 996 2621 33
1017 2553 1189 2640 Λερναίας
1209 2553 1451 2643 ἀπ’άκπάςλ),

168 2660 281 2727 Isthm.
305 2660 348 2725 Il.
372 2662 414 2725 42
432 2657 559 2726 Νείλου
583 2659 671 2744 πρὸς
695 2659 837 2731 ἀκτάν.
865 2664 956 2743 Quod
981 2666 1119 2749 deripis
1141 2664 1308 2731 fluminum
1331 2666 1452 2732 dictum

173 2786 325 2835 essenon
347 2774 399 2833 est
415 2768 601 2853 verisimile,
625 2771 702 2853 quia
718 2772 865 2839 omnibus
883 2773 950 2839 illis
973 2774 1053 2840 locis
1077 2774 1226 2839 ostium
1251 2775 1453 2858 intelligitur,

173 2876 263 2943 cuius
288 2878 336 2942 rei
360 2876 533 2958 explicatio
556 2875 696 2944 fortasse
732 2897 771 2944 ex
794 2879 921 2947 Solonis
944 2880 1016 2947 loco
1050 2901 1150 2964 supra
1173 2901 1285 2950 comm.
1309 2884 1452 2966 petenda

174 2989 233 3067 est,
258 2985 313 3068 qui
336 2983 403 3049 Nili
428 2984 546 3050 ostium
571 2984 767 3052 Oanohicnm
792 2987 900 3071 άκιήν
922 2989 1059 3056 vocavit.

280 3092 442 3177 Sequitur,
478 3098 634 3177 utquam
659 3095 857 3165 brevissimis
897 3103 929 3164 et
953 3099 993 3165 de
1018 3098 1196 3180 Sophocleo
1221 3105 1254 3165 et
1277 3098 1453 3180 Euripiden

174 3220 235 3265 usu
268 3200 366 3266 verba
402 3199 567 3269 iaciamus.
613 3205 656 3271 Et
691 3204 746 3271 ille
782 3206 911 3289 quidem
946 3205 1217 3289 significationem
1240 3206 1454 3288 promunturii

172 3310 328 3390 praetulit
352 3310 463 3379 Trach.
490 3313 553 3377 237
572 3312 673 3393 trim,
699 3314 762 3378 637
788 3314 886 3395 chor,
913 3315 976 3379 752
994 3314 1080 3381 trim.
1105 3314 1146 3379 de
1169 3312 1305 3394 (lenaeo,
1330 3313 1392 3395 frg.
1409 3314 1452 3378 43

173 3416 212 3480 de
238 3416 435 3500 Sarpedone,
473 3419 630 3485 Thraciae
654 3422 889 3503 promuntorio,
924 3421 1062 3489 alteram
1096 3422 1202 3487 litoris
1237 3421 1344 3487 saxosi
1368 3421 1451 3486 Phil.

176 3526 203 3605 l,
223 3524 297 3601 272,
326 3528 409 3590 1017
427 3526 513 3594 trim.
532 3527 572 3593 de
588 3527 709 3593 Lemno
726 3527 842 3607 insula,
860 3529 935 3594 Ant.
954 3530 1029 3612 814,
1055 3530 1120 3594 968
1139 3529 1237 3611 chor,
1262 3528 1324 3611 hg.
1342 3530 1451 3595 4801

173 3632 269 3713 trim,
306 3632 384 3700 Oed.
411 3640 470 3717 lyr.
513 3636 574 3701 178
600 3634 685 3701 chor.
720 3637 759 3701 de
795 3636 989 3720 Acheronte,
1025 3636 1104 3704 Oed.
1135 3635 1201 3703 Col.
1242 3638 1325 3701 1241
1352 3636 1452 3717 chor,

173 3741 246 3805 Ant.
274 3742 337 3832 592
368 3742 453 3809 σοον.
499 3742 583 3809 Item
606 3742 666 3828 frg.
701 3745 925 3811 505.1trim.
961 3744 1155 3811 ἐπαπείαι
1189 3742 1345 3827 αὐλῶνες
1378 3751 1455 3812 sunt

173 3849 343 3928 angustiae
376 3852 463 3917 inter
496 3870 584 3920 saxa.
632 3853 773 3918 Atticam
808 3851 972 3935 significat
1002 3853 1079 3920 Oed.
1107 3853 1173 3921 (lul.
1206 3855 1289 3918 1049
1320 3852 1369 3918 ch.
1392 3852 1452 3935 frg.
1518 3882 1521 3887 ·

173 3955 247 4019 872.
268 3956 297 4038 2,
325 3959 343 4019 6
368 3959 465 4041 trim,
503 3959 594 4025 velut
629 3959 686 4043 lrg.
714 3960 755 4025 65
787 3956 940 4044 Ἀκιίπην
963 3958 1066 4026 iidoc
1099 3961 1233 4047 inducit,
1271 3962 1454 4043 Argolicam

142 4124 147 4139 ,
173 4067 280 4127 autem
305 4060 412 4147 ἀκοήν
436 4067 550 4133 Trach.
578 4068 661 4132 1151
687 4069 773 4133 trim.
800 4064 945 4133 ἐπακυία
971 4066 1101 4150 Τίρυνς,
1116 4055 1196 4135 'curn
1221 4070 1262 4134 ad
1279 4070 1454 4136 Homerum

171 4171 304 4237 recedat
336 4172 383 4239 Ai.
409 4175 474 4240 413
500 4174 585 4241 chor.
611 4175 714 4259 νέμος
738 4174 902 4241 ἐπάκτιον
936 4177 969 4241 in
994 4177 1129 4243 Troadis
1153 4177 1259 4244 litore.
1308 4176 1454 4260 Denique

172 4289 385 4301 ----..-........

281 4348 407 4420 ι)Ρ1ιιοε
439 4351 574 4407 incertum
605 4357 654 4421 eat,
683 4352 755 4423 quod
784 4353 938 4409 Ahrensius
967 4354 1086 4407 correxit
1113 4353 1166 4423 Ag.
1196 4355 1249 4412 985
1276 4354 1353 4425 (947)
1381 4354 1455 4408 chor.

171 4435 291 4507 α’κ[α]ιά.
327 4440 396 4493 Item
416 4440 468 4508 Ag.
491 4443 559 4497 1182
577 4441 672 4512 (1136)
691 4442 764 4498 trim.
784 4441 867 4501 ἀκτάς
886 4444 956 4498 coni.
976 4444 1072 4498 Aurat.

278 4530 300 4600 2)
318 4529 371 4585 Hic
391 4529 469 4584 locus
487 4532 580 4601 polius
601 4530 634 4585 de
653 4532 817 4602 paeninsula
835 4533 913 4588 urbis
931 4532 1069 4603 Nauplius
1088 4535 1209 4605 scriptus
1228 4537 1279 4601 est,
1299 4548 1369 4605 quae
1387 4534 1455 4587 item

172 4617 224 4687 Ag.
243 4622 295 4675 493
315 4621 391 4691 (471)
410 4620 600 4676 subaudienda
620 4624 670 4675 est.
