3475 5250
688 356 819 418 ..·35
867 394 909 407 .-

158 531 349 597 aecusator“
386 529 439 596 vol
466 530 677 614 ,indicator‘t
714 535 802 618 qnod
836 537 947 606 sensui
980 540 1071 608 vocis
1103 542 1220 608 melios
1255 547 1441 629 respondet,

157 653 229 704 cum
254 638 413 721 respicias
438 657 509 704 eam
532 639 564 707 in
588 639 727 716 honam
751 661 880 728 quoque
907 651 1036 728 purtem
1062 650 1146 716 verti
1170 650 1231 734 Ag»
1256 653 1319 716 271
1345 651 1441 740 (255)

156 745 243 811 trim.
261 743 299 810 αὖ
316 743 380 831 γὰρ
398 750 614 830 φρονοῦντος
630 745 725 834 ὄμμα
741 753 804 818 cod
820 760 1052 838 κατηγορεῖ,
1079 758 1210 838 ,oculus
1226 764 1305 826 tuus
1318 761 1443 831 indicat

158 857 193 919 te
215 853 460 922 benevolentem
484 857 591 924 esse“.
635 857 844 940 ASophocle
872 860 955 928 hoec
983 864 1083 948 stirps
1108 865 1155 931 sic
1176 873 1366 950 usurpatur,
1402 875 1440 935 ut

156 959 319 1042 significet
334 967 392 1030 ant
409 964 588 1046 „prodere“
608 965 658 1032 Αἱ.
676 967 741 1032 906
757 967 843 1036 trim.
868 965 984 1052 δῆλον·
1009 969 1047 1037 ἐν
1061 973 1126 1055 γάρ
1143 974 1176 1039 οῖ
1187 971 1292 1057 χθονὶ
1308 974 1441 1059 τηκτὸν

157 1066 233 1134 τόδ’
252 1067 348 1153 ἔγχος
360 1072 539 1156 deputetis
550 1079 842 1158 κατηγορεῖται
857 1076 966 1159 ,loqui
977 1085 1092 1146 contra
1102 1081 1254 1166 aliquem,
1268 1083 1442 1166 obiurgare

157 1176 298 1260 aliquem
322 1179 355 1246 ln
379 1179 569 1262 1111111115ιι
596 1179 673 1246 Oed.
700 1186 762 1265 tyr.
787 1185 854 1248 514
877 1183 964 1250 trim.
998 1194 1245 1272 κατηγορεῖν
1277 1211 1346 1273 μου
1379 1188 1442 1258 τὸν

156 1283 327 1367 τύραννον
343 1283 507 1354 cunone
528 1288 719 1372 „Oedipoda
740 1290 774 1356 in
798 1310 850 1356 me
873 1291 1015 1374 dicere“,
1039 1294 1136 1362 simil.
1163 1299 1229 1362 529
1252 1299 1338 1365 irim.
1377 1299 1442 1365 Hic

103 1469 108 1474 ,
155 1409 235 1458 usus
264 1411 367 1477 prope
396 1397 522 1464 accedit
552 1397 594 1464 sd
617 1399 806 1466 accusandi·
821 1400 997 1485 notionem,
1028 1421 1100 1470 cnm
1124 1404 1238 1472 Traoh.
1262 1409 1334 1491 814,
1352 1407 1439 1476 irim.

156 1517 272 1566 revera
295 1502 486 1586 κατήγορος
509 1506 553 1571 sit
576 1505 615 1588 is,
640 1507 696 1588 qui
719 1513 860 1574 accusat.
909 1508 989 1574 Tum
1004 1510 1179 1594 Euripides
1202 1515 1302 1580 semel
1326 1521 1440 1581 eontra

155 1607 301 1675 Atticam
322 1612 587 1679 cousuetudinem
612 1614 693 1680 dixit
720 1613 780 1698 lrg.
806 1617 871 1682 690
894 1617 981 1682 trim.
1005 1617 1047 1683 τό
1076 1618 1108 1702 γ’
1141 1617 1234 1702 eidos
1263 1621 1347 1688 αὐτό
1377 1642 1441 1689 σου

156 1723 384 1801 κατηγορεῖ
405 1723 578 1802 σιγῶντας.

263 1825 313 1900 Ao
338 1828 531 1912 Aeschylum
555 1829 717 1896 artissime
748 1849 784 1898 se
812 1832 957 1915 applicat
979 1833 1139 1902 Herodoti
1163 1836 1220 1904 III.
1248 1837 1312 1902 115
1335 1839 1440 1903 τοῦτο

154 1931 220 2016 μὲν
248 1930 312 2016 γὰρ
337 1931 355 1998 ὁ
385 1931 565 2019 Ἠριδανὸς
589 1933 673 2002 αὐτὸ
698 1944 926 2021 κατηγορεῖ
945 1939 986 2005 τό
1010 1937 1121 2023 ὄνομα
1144 1941 1194 2023 ὡς
1216 1941 1288 2009 ἔστι
1321 1939 1438 2027 Ἑλλη-

155 2039 252 2105 νικόν
287 2041 441 2120 ,indicat
475 2041 711 2124 proloquitur“.
771 2040 966 2125 detor-oquin
1007 2045 1036 2111 is
1070 2050 1274 2129 κατηγορεῖν
1308 2047 1441 2115 notione

156 2149 340 2230 accusandi,
381 2145 572 2232 κατήγορος
606 2151 804 2215 accusatoris
841 2149 930 2232 dicit,
974 2151 1003 2217 si
1039 2151 1324 2236 Schweighaosero
1358 2153 1440 2222 fides

156 2253 307 2322 hahendo
335 2261 400 2342 est.
454 2256 576 2323 Verum
611 2256 712 2324 etiam
745 2256 928 2340 Xenophon
962 2259 996 2324 in
1031 2260 1238 2328 institutione
1275 2261 1350 2346 Cyri
1386 2280 1440 2327 ex-

155 2363 247 2430 hibet
277 2365 392 2432 1,.4.3
429 2360 526 2444 ὅμως
560 2363 762 2448 ἐμφαίνεται
797 2363 836 2430 τὸ
860 2363 986 2448 νεαρὸν
1017 2366 1146 2452 αὐτοῖς,
1171 2367 1190 2436 ὃ
1214 2375 1442 2453 κατηγορεῖ

154 2471 218 2556 την
242 2470 431 2555 ὀλιγοετίαν
454 2472 560 2555 „quod
595 2472 717 2540 indicat
749 2473 901 2556 exiguum
916 2493 1073 2542 annorum
1097 2480 1307 2556 numerum,“
1340 2478 1437 2544 simil.

155 2579 273 2649 Oecon.
293 2581 345 2647 20.
365 2582 404 2647 15
422 2577 498 2647 ἀλλ’
522 2579 545 2665 ἡ
570 2579 608 2647 ἐν
631 2582 777 2665 γεωργία
800 2580 929 2669 (τέχνη)
952 2581 1025 2649 ἐστὶ
1048 2583 1164 2669 σαφὴς
1179 2587 1295 2669 ψνχῆς
1318 2585 1437 2669 nard

154 2708 279 2771 γορος
301 2693 418 2773 κακῆς.

260 2796 355 2863 Hnno
378 2814 470 2863 usum
496 2800 606 2863 aetate
629 2798 804 2865 remotiore
840 2799 935 2881 apud
951 2798 1167 2865 Athenienses
1200 2818 1265 2867 non
1288 2800 1436 2883 ignotum

152 2902 254 2971 tuisse
278 2905 419 2987 primum
441 2904 571 2988 quidem
606 2906 671 2970 iarn
700 2906 775 2973 indo
799 2907 1011 2987 concluditur,
1048 2906 1134 2990 quod
1157 2907 1251 2976 notio
1273 2908 1438 2981 indicandi

152 3012 186 3078 in
211 3030 289 3079 voce
313 3014 512 3097 κατηγορέω
536 3015 606 3079 sine
631 3014 728 3081 dubio
752 3016 843 3098 prior
870 3015 1114 3098 originariaque
1144 3020 1204 3082 est.
1229 3015 1313 3083 Nam
1335 3034 1438 3099 κατη-

152 3123 267 3203 γορεῖν
297 3126 346 3189 est
368 3122 458 3205 loqui
487 3122 575 3187 κατά
599 3139 700 3203 τινας,
736 3124 821 3206 quod
850 3124 879 3191 si
901 3141 996 3189 usum
1019 3123 1282 3206 praepositionis·
1298 3124 1387 3191 κατά
1411 3142 1437 3192 c.

153 3246 227 3313 gen.
252 3228 409 3313 conferas,
435 3230 595 3313 duplicem
620 3231 1173 3315 111111111111115115οῖςοίοαὶίοαο(6
1204 3237 1238 3297 et
1262 3232 1439 3313 ,adoneus

152 3322 349 3419 aliquem“.'
374 3338 454 3405 Tum
478 3358 566 3423 vero,
591 3340 677 3422 quod
702 3340 927 3423 potissimum
951 3345 1012 3421 est,
1037 3339 1177 3422 vestigia
1199 3340 1287 3423 apud
1311 3339 1438 3406 Atticos

152 3443 329 3527 scriptores
359 3448 506 3529 quamvis
530 3448 654 3529 exigua·
681 3468 745 3514 non
770 3448 901 3515 desunt.
948 3446 1152 3531 Thucydides
1176 3448 1306 3531 quidem
1328 3452 1381 3513 ter
1403 3452 1438 3515 et

155 3542 270 3621 decies*
297 3560 501 3639 κατηγορεῖν
537 3556 667 3621 notione
702 3556 875 3641 accusandi
910 3556 1091 3638 usurpavit,
1127 3556 1185 3623 sed
1218 3555 1245 3621 I.
1276 3557 1317 3621 91
1354 3556 1437 3623 dixit

156 3663 280 3744 σαφῶς
313 3663 747 3746 κατηγορούντωνοο
771 3662 966 3745 hominibus,
1002 3665 1058 3747 qui
1089 3662 1243 3747 Spartam
1276 3665 1437 3733 nuntia·

153 3774 305 3838 verunt
327 3790 437 3839 muros
462 3774 618 3851 construi,
656 3776 691 3840 et
713 3772 801 3841 VIII.
826 3775 868 3837 92
899 3773 929 3839 εῖ
949 3772 998 3856 μὴ
1021 3769 1302 3856 καρακῖηϋεῖοαι
1323 3770 1439 3856 ἥκοιεν

155 3877 216 3962 ἐφ’
243 3878 363 3964 οἷσπερ
389 3880 446 3946 καὶ
469 3879 576 3962 αὐτὸς
599 3880 651 3946 ἀεὶ
674 3880 900 3963 κατηγόρει
924 3899 985 3963 ,eu
1000 3881 1199 3963 condicione,
1223 3899 1288 3963 qua
1311 3882 1441 3965 etipse

154 4004 284 4069 semper
306 3987 474 4056 indicabat
509 4007 553 4055 so.
582 3989 617 4056 id
640 3988 758 4071 lacere,
793 3990 879 4072 quod
903 3990 937 4054 in
961 3989 1017 4055 illo
1053 3990 1160 4071 capite
1178 3989 1436 4057 commendatur.

154 4092 382 4178 Xenophontis
403 4102 513 4165 autem
537 4098 626 4166 locos
647 4098 842 4166 Herodoteis
867 4098 1065 4180 adneximns,
1090 4098 1322 4164 examinandus
1338 4098 1439 4181 igitur

156 4202 353 4286 relinquitur
369 4204 475 4284 Plato,
492 4206 548 4288 qui
566 4205 676 4275 tricies
694 4210 906 4290 κατηγορεῖν,
921 4207 1028 4272 decies
1044 4207 1235 4288 κατήγορος
1249 4223 1347 4273 sensu
1365 4224 1438 4273 con·

155 4316 248 4378 sueto
285 4311 425 4395 exhibet,
463 4314 521 4381 sed
551 4313 672 4381 Phaed.
697 4315 772 4379 7313
807 4312 964 4380 trucido
994 4315 1194 4397 σαφέστατα
1217 4318 1440 4396 κατηγορεῖ

155 4416 210 4485 ὅτι
233 4423 337 4487 τοῦτο
362 4418 474 4503 οὕτως
502 4419 578 4507 ἔχει,
614 4420 746 4488 Theaet.
781 4421 878 4487 loth
913 4418 994 4487 οὐδὲ
1022 4420 1329 4503 κατηγορητέον
1359 4438 1439 4502 „nec

158 4529 413 4610 praedicandum
437 4532 507 4597 esr‘
533 4530 582 4611 (in
607 4548 662 4595 cre
677 4528 903 4613 Protagorae),
926 4529 995 4595 Alc.
1020 4529 1045 4594 Ι.
1073 4530 1169 4594 105Α
1190 4530 1255 4593 νῦν
1277 4525 1316 4593 di
1338 4526 1438 4612 ἕτερα

154 4635 199 4705 αὖ
219 4639 495 4723 κατηγορήσω
517 4635 743 4724 ὁκανοηματα,
766 4638 845 4717 ibid.
872 4638 970 4705 1181)
995 4636 1044 4716 ὡς
1067 4635 1086 4703 5
1107 4634 1208 4718 λόγος
1233 4655 1296 4703 ooo
1319 4655 1438 4719 κατη-
