3475 5250
734 341 981 406 -109-

326 518 479 586 Conleras
515 517 614 584 etiam
650 520 934 600 grammaticorum
968 519 1158 586 testimonia
1187 517 1276 585 Suid.
1301 535 1327 582 s.
1344 537 1385 600 a,
1420 519 1498 585 Hes.

215 627 309 711 χαιά·
343 625 472 709 ἀγαθή,
505 627 618 710 χαιός·
659 617 802 710 ἀγαθός,
838 629 910 695 sim.
947 646 972 693 s.
990 647 1017 693 v.
1060 625 1184 710 Ἀχαία.
1248 625 1321 691 Alia
1356 625 1500 691 eiusdem

217 737 331 818 stirpis
366 734 469 801 forma
504 736 573 802 sinc
609 736 707 802 dubio
737 740 949 802 conservatur
983 735 1016 799 in
1045 734 1197 818 Hesychii
1229 734 1338 817 glossa
1364 733 1498 817 χάαιος·

219 840 354 926 ἀγαβός
386 839 546 926 χρηστὸς,
583 863 646 926 qua
681 844 831 910 inductus
867 843 1056 922 Ahrensius
1093 842 1170 910 dial.
1206 842 1230 908 I.
1267 862 1299 925 p.
1325 845 1367 907 76
1403 841 1501 907 scribi

218 951 314 1017 iussit
334 951 433 1033 χάῑος
466 956 504 1015 ut
531 932 563 1016 in
593 969 671 1018 voce
694 951 865 1033 Laconica,
902 970 966 1034 qua
998 952 1030 1016 in
1055 951 1194 1016 dialecto
1229 950 1301 1016 loco
1325 950 1457 1017 litterae
1481 967 1501 1014 σ

218 1059 423 1125 intervocalis
460 1059 595 1140 spiritus
625 1059 864 1126 enuntiabatur.
912 1059 1061 1142 Denique
1096 1057 1277 1142 Hesychius
1309 1059 1413 1124 tradit
1448 1055 1501 1122 εὐ-

125 1167 129 1174 ’
215 1165 417 1249 χατότερον·
453 1164 720 1250 πλουσιώτερον,
756 1169 848 1234 cuius
883 1168 923 1234 de
952 1167 1080 1250 glossae
1115 1166 1307 1248 integritate
1331 1165 1501 1230 dubitatur

219 1273 495 1358 (εὐχαιότερονλ).

324 1382 450 1448 Deinde
474 1382 726 1466 Lagercrantzii,
751 1385 840 1465 quod
864 1385 903 1448 de
926 1384 1103 1466 veriloquio
1127 1382 1294 1460 indicavit,
1317 1381 1498 1450 referimus.

218 1490 326 1573 Atque
349 1491 376 1556 is
400 1489 564 1572 proiectus
594 1491 634 1556 ab
660 1491 768 1573 glossa
791 1490 1026 1575 εὐχατότερον,
1056 1509 1192 1574 quacum
1220 1490 1319 1554 aliam
1347 1487 1500 1571 ἀχητεῖς·

219 1595 380 1681 ἀζήτητον
404 1596 561 1664 ἀσύνετοι
591 1595 717 1682 ἄποροι
748 1600 922 1680 coniunxit,
958 1600 1041 1666 hanc
1065 1598 1240 1666 formarum
1274 1597 1391 1665 seriem
1426 1616 1500 1681 pro·

219 1706 309 1772 bavit
340 1706 490 1791 χᾶτός>
524 1706 644 1789 χάσιος
679 1707 781 1791 (velut
816 1704 960 1795 ὀρθός)
998 1705 1149 1793 ὄρβιος),
1184 1707 1341 1790 Laconica
1371 1696 1500 1788 χάλιος,

216 1819 317 1895 χαίος
341 1820 400 1880 etc.
448 1814 537 1893 Quae
567 1834 638 1879 cum
669 1815 856 1882 acutissime
880 1814 1025 1897 cogitata
1053 1816 1128 1895 sint,
1165 1815 1259 1880 uobis
1282 1814 1413 1897 quidem
1435 1832 1501 1878 non

219 1927 462 2003 persuaserunt.
502 1921 584 1989 Nam
609 1942 671 1988 non
697 1924 799 1990 solum
824 1922 933 2004 glossa
955 1920 1178 2006 εὐχατότερον
1201 1921 1335 1987 minoris
1359 1921 1501 1987 auctori·

220 2031 300 2096 tatis
324 2034 384 2110 est,
408 2048 521 2096 verum
551 2031 647 2096 etiam
669 2029 788 2113 χάτιος
818 2031 905 2113 apud
930 2030 1073 2096 Lacones
1097 2030 1209 2096 debuit
1233 2030 1428 2109 conservari,
1464 2035 1501 2095 ut

220 2153 284 2200 non
307 2136 522 2220 intelligatur,
546 2138 632 2204 unde
657 2139 921 2205 Lacedaemoniis
945 2139 1071 2205 venerit
1091 2138 1220 2221 χάσιος.
1266 2138 1501 2204 Gravissimum

221 2247 328 2308 autem
354 2249 414 2320 est,
446 2246 531 2328 quod
555 2245 589 2311 in
613 2247 740 2312 nomine
765 2247 902 2329 quodem
927 2245 1059 2328 proprio
1082 2247 1152 2312 sine
1176 2246 1242 2312 ullo
1267 2245 1365 2312 dubio
1389 2245 1500 2312 eadem

222 2350 322 2433 stirps
358 2353 564 2435 conspicitur,
601 2354 687 2436 quod
715 2354 757 2419 ad
785 2353 1011 2420 Siceliotarum
1048 2355 1314 2420 consuetudinem
1349 2353 1502 2420 recedere

220 2456 396 2525 verisimile
421 2466 480 2526 cst.
528 2460 588 2528 Est
622 2467 730 2528 autem
761 2468 883 2528 'nomen
918 2463 1044 2527 insulae
1068 2459 1274 2544 Παγχαία,
1309 2481 1372 2544 quo
1396 2461 1502 2527 Euhe-

220 2585 328 2635 merus
345 2568 563 2636 Messanensis
588 2569 621 2635 in
646 2570 720 2654 ἱερᾷ
744 2568 928 2654 ἀναγραφῇ
952 2571 1059 2637 locum
1078 2569 1248 2637 beatorum
1272 2568 1339 2635 sive
1355 2569 1500 2653 Elysium

219 2676 353 2742 vocavit.
400 2677 486 2743 Illud
514 2696 631 2743 nomen
654 2678 840 2761 significans
870 2680 1009 2745 insulam
1032 2676 1242 2761 παναγάνίιγν
1272 2682 1360 2744 c'erte
1389 2676 1499 2743 fictum

219 2786 271 2848 est
308 2783 349 2848 ab
389 2784 581 2861 Euhemero,
624 2786 742 2869 quippe
781 2804 865 2870 quae
904 2805 1062 2871 nusquam
1101 2787 1165 2853 sita
1203 2787 1256 2868 sit,
1298 2785 1335 2853 cl.
1372 2784 1497 2851 Gallim.

217 2888 278 2974 lrg.
304 2894 346 2958 86
372 2892 466 2959 Sohn.
767 2963 769 2969 .

434 2999 471 3079 ἐς
492 2999 532 3066 τό
556 2998 624 3083 πρὸ
648 3002 781 3083 τείχους
803 2999 880 3084 ἱρὸν
903 2999 1001 3082 ἁλέες
1024 2999 1122 3067 δεῦτε

376 3168 380 3176 .
432 3105 474 3173 οὗ
496 3106 536 3173 τὸ
560 3106 668 3174 πάλαι
691 3106 906 3191 Παγχαῖον
929 3108 947 3175 ὁ
971 3108 1132 3190 πλάσας
1155 3106 1266 3174 Ζᾶνα

429 3216 560 3299 γέρων
583 3213 720 3298 ἀλάζων
745 3212 846 3281 ἄδικα
869 3214 985 3302 βιβλία
1007 3217 1142 3300 ψήχων.
1303 3285 1306 3292 ,
1475 3283 1479 3290 ,

216 3323 326 3405 γέρων
362 3327 412 3388 est
446 3323 658 3406 Euhemerus
697 3323 735 3392 ci.
772 3325 873 3392 schol.
911 3323 1010 3390 (hein.
1042 3325 1133 3391 Alex.
1169 3329 1328 3406 protrept.
1365 3323 1406 3389 Il.
1444 3326 1495 3405 24,

216 3449 246 3512 p.
275 3431 338 3494 102
363 3430 467 3496 Klotz.
518 3431 566 3496 De
600 3430 707 3497 insula
745 3430 783 3497 cl.
812 3432 944 3497 Diodor.
976 3431 1012 3497 V.
1039 3433 1082 3495 42
1102 3469 1138 3479 -
1160 3433 1212 3510 46,
1250 3430 1339 3496 cuins
1374 3430 1496 3497 incolas

214 3534 408 3621 Παγχώους
442 3534 683 3625 (Παγχῷουςλ>
719 3546 877 3606 memorat
912 3539 1076 3604 Plutarch.
1112 3538 1153 3603 Is.
1184 3542 1218 3604 et
1247 3536 1300 3603 Os.
1330 3539 1372 3602 23
1402 3542 1495 3622 (mor.

214 3664 245 3725 p.
272 3646 383 3729 3603)
410 3642 500 3709 ἀλλὰ
522 3646 631 3729 μόνος
654 3643 844 3729 Πῦήμερος,
876 3644 925 3725 ὡς
949 3643 1047 3726 ἔοικε,
1075 3643 1228 3726 πλεύσας
1255 3644 1304 3726 είς
1331 3644 1413 3727 τοὺς
1434 3667 1497 3729 ,αη-

215 3747 346 3833 copodo
380 3755 442 3835 γῆς
463 3753 650 3835 γεγονότας
683 3752 768 3837 pqd'
805 3750 909 3833 ὄντας
936 3748 1166 3835 Παγχώους
1199 3752 1256 3818 καί
1283 3748 1499 3835 Τριφύλλους

216 3855 435 3943 ἐντετυχήκει,
472 3879 536 3943 qua
563 3862 597 3927 in
620 3880 699 3929 voce
728 3860 886 3927 vocalium
911 3862 987 3947 ᾶ>ω
1021 3860 1196 3928 alternatio
1231 3879 1295 3926 nun
1317 3860 1403 3925 mira
1436 3865 1495 3925 est

214 3964 345 4031 Nullum
362 3974 450 4035 certe
473 3968 561 4035 illius
577 3970 715 4037 nominis
731 3968 954 4035 testimonium
971 3972 1087 4050 exstat,
1113 3968 1201 4051 quod
1222 3967 1263 4032 ad
1279 3968 1496 4043 Euhemerum

214 4072 366 4139 recedere
404 4094 466 4142 non
503 4078 617 4162 possit,
652 4078 707 4160 qui
736 4078 769 4143 in
794 4076 946 4160 fingendo
981 4077 1111 4142 nornine
1134 4075 1254 4142 Dorica
1276 4074 1496 4141 Messanensis

213 4180 344 4247 dialecti
368 4202 457 4264 voce,
482 4205 545 4252 non
562 4185 722 4251 Laconica
745 4203 823 4251 usus
844 4186 974 4251 videtur
998 4203 1080 4252 esse.
1122 4182 1191 4249 Hac
1214 4183 1341 4249 ratione
1365 4182 1497 4249 adducti

213 4304 333 4372 sumus,
357 4296 395 4355 ut
409 4310 522 4367 vocem
537 4289 732 4375 βαιλνχαῖος
755 4291 907 4375 Aeschyli
923 4292 1010 4357 inter
1025 4291 1195 4358 Siceliotas
1211 4309 1378 4374 ponamus,
1402 4308 1497 4373 prac-

212 4396 325 4463 sertim
351 4416 422 4463 cum
439 4400 672 4483 Aristophanes
689 4401 785 4467 testis
802 4405 852 4465 est
869 4399 1013 4467 Lacones
1031 4400 1150 4466 dixisse
1170 4399 1282 4482 χάϊος,
1307 4417 1370 4466 uon
1384 4402 1495 4482 χαῖος.
