3475 5250
805 329 1026 397 ..63-

746 577 906 661 ΘΑΚΟΣ,
938 577 1091 647 ΘΩΚΟΣ.

379 741 483 808 Huius
508 741 594 808 vocis
618 742 721 827 stirps
749 744 869 824 partim
892 762 952 826 per
976 765 1008 824 α,
1043 743 1163 826 partim
1192 761 1252 825 per
1277 763 1306 808 ω
1329 741 1454 824 scripta
1488 741 1560 823 plu·

273 849 364 916 ribus
388 849 546 916 Graeciae
569 850 719 933 gentibus
750 851 926 918 communis
950 857 1009 918 est.
1057 851 1138 915 Eam
1167 851 1199 915 in
1224 850 1394 932 tragoedia
1417 849 1559 914 Atticam

273 975 344 1023 esse
368 957 457 1024 solus
482 957 613 1038 negauit
637 957 830 1039 Wittekind,
855 976 927 1023 cum
950 957 1072 1023 θακέω
1094 978 1126 1041 p.
1152 960 1194 1022 44
1226 957 1311 1023 inter
1334 955 1434 1022 uerba
1449 955 1560 1020 Ionica

276 1072 423 1149 poneret.
471 1066 648 1132 Videamus
684 1067 794 1148 igitur,
830 1067 1023 1150 quibusnam
1062 1065 1180 1132 finibus
1215 1084 1293 1132 usus
1326 1062 1439 1147 stirpis
1473 1061 1560 1128 θακ-

277 1178 311 1239 et
334 1171 427 1239 θωκ-
452 1174 485 1239 id
509 1179 560 1241 est
583 1171 733 1263 *Gafoa-
758 1179 791 1240 et
814 1171 961 1263 *clefon-
986 1173 1246 1255 circumscriptus
1281 1174 1333 1237 sit.
1380 1173 1428 1238 De
1457 1172 1560 1252 stirpe

274 1280 312 1346 ci.
338 1281 526 1347 Prelluitnii
561 1282 624 1347 lex.
661 1287 758 1366 etym.
793 1301 819 1350 s.
836 1301 863 1350 u.
890 1279 1025 1364 θάσσω,
1061 1281 1110 1348 W.
1139 1281 1282 1346 Schulzii
1318 1285 1443 1363 quaest.
1479 1279 1559 1360 epia.

274 1408 306 1472 p.
332 1391 462 1471 434sq.,
498 1387 682 1456 Hoffmanni
707 1390 783 1456 dial.
807 1390 921 1473 lli-p.
947 1392 1022 1457 369.
1070 1389 1140 1468 Qua
1163 1391 1195 1454 in
1220 1408 1256 1455 re
1292 1387 1560 1455 considerandum

274 1502 326 1564 cst
348 1498 491 1564 vocalem
517 1518 539 1561 α
563 1503 620 1564 aut
645 1517 673 1563 ω
698 1516 796 1581 saepe
821 1498 966 1564 codicum
989 1496 1110 1564 fallacii
1135 1497 1324 1563 auctoritati
1348 1496 1469 1562 deberi,

381 1608 408 1671 A
425 1605 527 1689 stirpe
551 1603 619 1670 *θα
620 1626 688 1695 fax
703 1606 789 1688 apud
805 1605 1014 1672 Homerum
1031 1605 1164 1672 verbum
1181 1605 1312 1670 ductum
1336 1608 1387 1671 est
1409 1600 1559 1667 θαάσσω

276 1713 416 1791 ,sedeo“
440 1713 456 1778 I
483 1715 556 1794 194,
588 1709 615 1777 0
641 1715 714 1795 124,
739 1735 758 1796 γ
782 1713 857 1793 336,
893 1714 925 1781 h.
950 1713 1047 1780 Merc.
1076 1716 1149 1794 172,
1175 1715 1240 1778 468
1265 1709 1459 1795 (hericourt)
1489 1727 1559 1774 cum

274 1821 307 1886 in
331 1821 536 1888 substantivo
571 1817 707 1886 formam
742 1821 856 1903 stirpis
880 1818 1023 1911 *clofcx-
1058 1827 1257 1888 contractam
1291 1820 1325 1886 in
1346 1817 1469 1899 θῶκος
1502 1836 1560 1882 sen

274 1926 416 2008 θόωκος
438 1927 606 2012 praebeat.
655 1927 824 2012 Significat
854 1933 963 1995 autem
987 1927 1108 2011 θῶκος
1134 1929 1283 2010 ,sedem“
1307 1926 1330 2012 β
1355 1929 1407 2010 14,
1433 1924 1460 1990 e
1482 1927 1558 2006 439,

275 2037 382 2116 pars
408 2032 588 2120 (θόωκος),
613 2035 681 2102 siue
701 2036 919 2116 ,sessionem“
944 2034 1025 2120 896
1047 2035 1127 2127 οὔτε
1154 2035 1261 2120 ἀγορὴ
1283 2033 1362 2100 οὔτε
1384 2032 1558 2113 θόωκος,

275 2161 293 2205 c
316 2143 335 2206 3
359 2138 557 2207 θωκόνόο
580 2138 777 2224 καθίζανον,
808 2163 827 2208 ο
851 2145 917 2209 468
947 2146 995 2225 εἰς
1018 2143 1163 2210 θῶκον.
1181 2193 1189 2210 .
1206 2193 1214 2211 .
1232 2141 1355 2226 δήμοιό
1379 2161 1417 2207 τε
1440 2143 1557 2224 φῆμιν,

275 2249 365 2315 uelut
388 2248 569 2333 Hesychius
594 2249 735 2331 explicat
758 2248 908 2326 θῶκος·
933 2250 1099 2335 κάθεόρα,
1123 2251 1264 2335 θρόνος,
1290 2248 1465 2331 σύλλογος.

381 2357 474 2424 Ηοαο
513 2355 648 2422 formam
682 2353 802 2438 θῶκος
825 2357 948 2426 Iones
993 2364 1276 2440 conservaverunt,
1317 2377 1387 2425 cum
1426 2356 1559 2423 verbum

276 2463 424 2532 θαάσσω
438 2469 647 2532 evanesceret
663 2469 697 2531 et
712 2466 989 2533 denominativum
1005 2465 1133 2533 θωκέω
1149 2467 1413 2533 substitueretur.
1446 2464 1560 2529 Testes
1579 2508 1584 2517 -

275 2579 352 2640 sunt
383 2579 416 2641 ct
439 2572 624 2640 Herodotus
648 2573 672 2639 Ι.
702 2573 759 2639 181
788 2571 922 2657 θῶκοι
946 2573 1210 2659 ἀμπαυστήριοι,
1233 2575 1288 2643 Vl.
1308 2575 1347 2639 63
1374 2572 1411 2638 ἐν
1434 2569 1580 2652 θώκῳ,

275 2682 468 2765 κατημένῳ,
503 2682 597 2749 simil.
626 2682 682 2747 IX.
708 2684 764 2765 84,
799 2681 839 2747 li.
867 2684 930 2749 113
961 2682 998 2747 ἐν
1021 2681 1142 2765 θρόνῳ
1170 2679 1491 2751 ...θωκέοντα
1526 2683 1560 2744 et

275 2790 490 2873 Hippocrates
516 2787 602 2855 ἐκιό.
628 2786 660 2869 ζ’
682 2791 736 2873 47,
762 2788 797 2854 L.
823 2791 860 2856 V.
886 2793 951 2856 416
976 2788 1057 2855 οόθὲ
1081 2790 1137 2855 ἐστὶ
1158 2789 1280 2856 θῶκον
1303 2788 1475 2867 ἀνίστατο,
1503 2786 1560 2851 uhi

278 2915 337 2978 per
361 2897 615 2979 euphemismum
639 2896 854 2979 explicatione
879 2918 943 2964 non
969 2904 1118 2981 egentem
1143 2897 1286 2980 corporis
1311 2896 1487 2963 necessitas
1511 2894 1561 2959 in·

278 3003 446 3087 telligitur.
498 3002 618 3085 θῶκος
650 3004 711 3070 hoc
740 3006 810 3071 loco
836 3005 962 3073 codices
986 3006 1150 3086 exhibent,
1181 3025 1252 3071 curn
1276 3005 1309 3069 in
1334 3005 1480 3085 margine
1504 3003 1561 3067 ad·

278 3111 435 3195 scriptum
459 3112 503 3177 sit
517 3109 639 3193 θᾶκος,
665 3130 747 3194 quae
771 3113 935 3195 scriptura
950 3113 1037 3179 valet
1061 3114 1147 3196 apud
1164 3112 1360 3179 recentiores
1384 3112 1562 3195 scriptores

277 3218 363 3286 inira
386 3217 576 3286 afferendos.
1177 3213 1179 3216 ’

384 3326 520 3395 Praeter
550 3328 646 3395 Iones
677 3327 757 3393 haec
788 3327 892 3394 forma
922 3328 956 3393 in
988 3328 1132 3394 Sicilia
1163 3334 1197 3393 et
1223 3328 1362 3409 Magna
1394 3327 1562 3393 Graecia

277 3432 397 3514 floruit,
425 3454 497 3501 nam
514 3435 726 3517 Epicharmus
742 3434 803 3517 lrg.
822 3436 911 3501 99Κ.
937 3436 1107 3519 scripsisse
1123 3425 1265 3502 traditur
1288 3432 1379 3500 τεῖόε
1392 3432 1559 3516 θωκῳσῶ,

278 3540 426 3625 Sophron
450 3542 510 3624 irg.
537 3544 579 3609 60
589 3544 626 3608 K.
644 3542 729 3625 ὑμὲς
753 3540 791 3608 aa
814 3540 1239 3627 iucpyvctpauocrlroaaice,
1264 3540 1457 3624 irg.135K.
1483 3539 1560 3605 σόν-

231 3730 233 3733 .
276 3646 399 3713 θωκοι.
447 3650 554 3715 Etiam
578 3650 687 3716 Plauti
722 3651 803 3717 illud
837 3650 899 3732 frg.
930 3652 968 3716 81
996 3652 1067 3735 (49)
1103 3651 1263 3717 thocum
1303 3650 1389 3731 apud
1423 3647 1560 3713 Paulum

277 3776 308 3839 p.
334 3758 409 3823 367.
429 3758 458 3839 8,
489 3758 576 3841 quod
600 3759 640 3824 dc
663 3758 764 3825 sellae
793 3778 912 3843 genere
940 3759 1129 3840 scripserat,
1165 3758 1206 3823 ad
1229 3756 1434 3822 Italiotarum
1458 3756 1559 3821 Grac·

277 3882 386 3931 corum
410 3884 502 3931 usum
526 3866 658 3933 recedit.

383 3973 420 4038 In
444 3974 517 4057 ipsa
540 3974 678 4057 denique
703 3974 840 4041 Graecia
863 3975 942 4040 urbs
966 3979 1016 4040 est
1041 3974 1243 4052 Arcadum,
1280 3990 1375 4054 quam
1399 3989 1514 4037 nomen
1539 3986 1560 4033 a

276 4085 389 4147 nostra
412 4081 516 4165 stirpe
541 4082 672 4149 duxisse
696 4082 874 4149 verisimile
899 4088 960 4165 est,
995 4078 1166 4145 Θώκνειον
1195 4083 1445 4146 commemorata
1472 4078 1559 4159 apud

277 4188 486 4273 Stephanum,
510 4187 652 4270 Suidam,
677 4189 884 4271 Pausaniam,
915 4208 979 4271 qua
1001 4189 1034 4253 in
1058 4208 1094 4254 re
1117 4188 1311 4270 respiciatur
1333 4187 1416 4252 hanc
1440 4185 1557 4250 dialec-

275 4301 344 4361 tum
367 4316 428 4367 usu
451 4316 565 4364 uocum
589 4297 791 4380 quarundam
826 4298 867 4362 ad
890 4296 1025 4362 Homeri
1055 4296 1320 4362 consuetudinem
1343 4315 1445 4379 prope
1468 4314 1557 4361 acce·

275 4404 361 4471 dere.
389 4404 511 4471 Contra
523 4406 621 4487 plane
638 4405 796 4470 incertum
815 4409 874 4485 est,
894 4405 980 4487 quod
997 4403 1091 4470 Skias
1109 4404 1142 4468 in
1166 4404 1378 4485 inscriptione
1395 4402 1558 4485 Gortpnos

275 4508 405 4577 Gretica
439 4513 586 4579 restituit
622 4512 709 4581 G.·B.
746 4511 803 4578 III.
843 4514 873 4595 2,
909 4514 1008 4577 4994.
1037 4515 1057 4576 4
1098 4508 1192 4575 ΚΑΘ
1213 4561 1247 4577 ..
1274 4508 1331 4576 ΟΣ
1363 4508 1558 4597 καθ[ώκ]ος

274 4645 318 4673 =
334 4617 421 4683 κατὰ
443 4617 596 4700 θώκοος,
620 4620 767 4687 Blassius
791 4625 899 4686 autem
923 4624 957 4684 κ’
983 4618 1157 4706 ἀθ[ρό]ως
1178 4626 1241 4685 non
1266 4620 1336 4685 sinc
1359 4621 1428 4686 veri
1445 4619 1556 4685 simili-
