3475 5250
702 331 924 394 ..17-

173 505 322 593 ἀρβάλη·
358 509 506 593 τήγανον
541 504 743 590 ὀστράκινα]
775 506 977 592 Ταραντῖνοι
1011 508 1087 574 Hes.
1116 508 1150 574 in
1173 510 1313 578 Kaibelii
1336 511 1449 593 fragm.

174 616 387 706 com2Graec.
413 616 456 700 gl.
474 618 516 681 76
540 635 643 698 neque
668 613 827 698 ἀρμωλα·
864 616 1042 699 ἀρτύματα
1068 612 1233 699 Ἀρκάδες,
1258 621 1314 684 καὶ
1338 619 1452 704 ἀρμώ-

170 723 266 808 μαλα
301 724 378 790 Hes.
408 725 442 789 in
470 721 654 789 Hoffmanni
683 723 738 789 Gr.
764 723 839 790 dial.
865 724 882 788 I
905 743 936 806 p.
953 726 1012 788 101
1039 743 1143 806 neque
1172 721 1375 808 ἀρύβαλλος,
1412 727 1451 796 cf.

168 831 341 912 Prellwitz,
368 831 420 897 Et.
440 829 563 897 worth.

278 938 485 1005 Testimoniis
513 955 611 1019 supra
641 936 749 1002 allatis
779 938 1020 1003 demonstratur
1042 955 1150 1003 vocem
1175 935 1306 1021 ἀρβύλη
1332 942 1364 1025 in
1388 961 1449 1008 usu

176 1045 273 1112 luisse
310 1047 395 1128 apud
420 1044 555 1128 Cyprios
586 1048 619 1110 et
641 1044 750 1126 Iones,
786 1046 819 1111 in
847 1044 973 1126 tragica
1000 1045 1140 1110 dictione
1168 1051 1202 1111 et
1225 1048 1311 1128 apud
1334 1057 1450 1130 poetas

173 1153 416 1219 Alexandrinos.
464 1152 545 1218 Fere
570 1153 681 1218 isdem
716 1153 817 1235 igitur
847 1150 964 1217 finibus
997 1153 1066 1217 eius
1087 1157 1191 1238 Jatque
1214 1155 1301 1220 uocis
1330 1153 1449 1236 δέλτος

172 1279 249 1327 usus
273 1261 534 1343 circumscriptus
559 1265 623 1336 est;
647 1279 706 1326 nec
729 1261 831 1344 magis
856 1261 926 1326 eius
942 1260 1154 1344 veriloquium
1170 1280 1189 1326 a
1206 1261 1330 1328 Graeca
1346 1265 1450 1346 stirpe

38 1391 40 1414 ν
172 1370 306 1435 ductum
328 1370 495 1434 inventum
518 1374 579 1448 est,
604 1386 678 1433 nam
702 1386 784 1451 quae
807 1369 922 1452 aviris
946 1369 1050 1434 doctis
1073 1375 1306 1452 proponuntur,
1330 1370 1448 1438 forma·

170 1473 271 1541 tionis
307 1475 467 1542 rationem
502 1493 616 1558 parum
652 1476 822 1559 explicant.
869 1475 1040 1556 Prelluitn
1076 1475 1136 1541 lem
1169 1482 1263 1560 etym.
1299 1479 1449 1545 dubitans

98 1613 101 1619 ·
174 1581 349 1666 ἀραρλσκω
381 1583 587 1665 comparavit,
621 1583 763 1662 Meister,
800 1583 876 1648 dial.
901 1583 934 1648 Π
955 1603 987 1666 p.
1005 1584 1068 1648 255
1092 1590 1237 1650 ueterum
1261 1588 1448 1667 grammati·

176 1710 286 1756 corum
303 1689 355 1758 (cf.
375 1690 472 1756 schol.
492 1691 624 1758 Theocr.
640 1693 669 1756 7.
688 1690 744 1774 26)
760 1691 971 1773 veriloquium
987 1697 1117 1758 secutus
1135 1690 1268 1775 ἀρμύλη
1286 1690 1447 1779 (ἀρβύλη)

174 1799 215 1863 ad
242 1797 382 1881 ἁρμόζω
406 1799 540 1864 reducit.
578 1797 640 1864 Sed
664 1797 724 1864 hoc
746 1799 862 1880 ipsum,
887 1801 1047 1882 quomodo
1070 1799 1151 1865 illud
1173 1797 1205 1883 β,
1230 1801 1315 1883 quod
1339 1799 1448 1884 Cyprii

32 1905 36 1994 ξ
171 1904 229 1991 μῑ)
252 1905 523 1988 pronuntiabant,
556 1912 663 1971 ortum
695 1906 753 1986 sit,
784 1906 998 1989 explicatione
1021 1911 1104 1988 eget
1153 1907 1319 1973 Facillime
1342 1914 1451 1975 autem

173 2013 354 2094 explicatur
378 2013 457 2079 haec
480 2013 616 2078 mutatio
642 2014 674 2076 in
690 2031 768 2078 uoce
789 2014 973 2097 peregriua3
1000 2032 1074 2079 nam
1097 2015 1131 2081 in
1148 2015 1304 2081 eiusmodi
1321 2016 1450 2082 vocibus

173 2121 244 2186 soni
270 2120 358 2186 dubii
383 2139 454 2186 csse
478 2121 593 2186 solent.
629 2121 763 2187 Accedit
787 2123 886 2188 etiam
909 2141 1026 2204 magua
1048 2121 1276 2189 formationum
1292 2125 1451 2204 varietas3

173 2233 271 2310 atque
305 2245 419 2293 revera
447 2228 626 2311 Hesychius
662 2246 689 2292 s.
714 2248 741 2294 v.
769 2225 945 2311 ἀραβύλας
979 2231 1140 2312 expressis
1168 2231 1276 2297 verbis
1310 2237 1451 2297 testatur

174 2331 328 2416 ἀρβύλας
351 2333 452 2401 fuisse
475 2333 681 2418 ύααὸηματα
704 2332 905 2419 βαρβαρικά.
942 2336 1059 2404 Graeci
1082 2338 1183 2419 igitur
1207 2357 1276 2403 cum
1293 2358 1329 2405 re
1353 2340 1451 2405 etiam

171 2441 361 2507 vocabulum
401 2461 420 2508 a
449 2444 630 2525 peregrinis
666 2444 830 2526 accepisse
858 2445 995 2525 putandi
1019 2449 1105 2511 sunt.
1154 2445 1243 2522 Quod
1268 2447 1449 2528 sideest,

172 2549 368 2616 testimoniis
404 2569 503 2633 supra
533 2553 789 2618 commemoratis
819 2549 959 2617 efficitur
981 2552 1158 2618 Asiaticum
1189 2551 1290 2618 luisse
1318 2555 1450 2620 verbum

171 2657 271 2740 idque
294 2658 334 2723 ab
358 2658 490 2725 Ionibus
513 2660 646 2742 tragicis
669 2661 776 2743 poetis
799 2660 964 2726 traditum.

699 2925 933 2994 ΠΑΛΜΥΣ.

280 3088 393 3154 desch.
410 3086 470 3169 frg.
489 3089 553 3153 437
571 3092 663 3156 metr.
680 3089 742 3155 inc.
759 3087 949 3172 πάλμυάας,
974 3090 1132 3173 Lycophr.
1149 3091 1199 3157 Al.
1221 3093 1281 3155 631
1301 3088 1448 3173 colpos,

174 3196 273 3261 schol.
297 3195 409 3278 πατὴρ
433 3194 454 3278 ἢ
478 3193 646 3278 βασιλεύς.

280 3303 445 3387 Frequens
470 3308 520 3370 est
543 3305 629 3386 apud
652 3304 902 3387 Hipponactem:
939 3306 999 3387 lrg.
1014 3309 1042 3369 1.
1063 3309 1076 3368 l
1103 3302 1287 3387 Κυλλήνης
1310 3304 1449 3388 πάλματ

182 3406 295 3493 Ἑρμῆ,
330 3410 390 3493 frg.
410 3414 458 3476 15.
478 3415 497 3475 4
521 3413 578 3477 καὶ
600 3412 747 3495 μνήματ’
773 3410 863 3493 ὤτας
885 3410 1045 3495 ματάλιὸι
1066 3410 1256 3494 πάλμύὸας,
1292 3411 1354 3494 frg.
1372 3413 1450 3477 3οΑ

174 3515 270 3582 dedu
292 3515 485 3600 Ὀλυμπίαν
501 3516 630 3601 τάλμυ,
654 3518 715 3600 lrg.
734 3520 811 3585 3οΒ
828 3518 976 3602 ἀργύρου
993 3517 1120 3601 πύλμα,
1145 3518 1205 3600 frg.
1223 3522 1276 3585 42.
1292 3521 1310 3584 3
1333 3517 1450 3603 Ῥῆσος

173 3621 319 3690 Aloanda
341 3623 488 3709 μάλμας.
534 3627 579 3693 Ut
613 3628 753 3709 glossam
778 3632 916 3709 usurpat
945 3645 1055 3694 uocem
1079 3627 1237 3693 Dosiades
1261 3645 1337 3693 arae
1361 3626 1386 3691 1.
1406 3630 1445 3690 17

173 3730 251 3813 (ΑΡ.
267 3731 327 3799 XV
344 3731 408 3815 25).
457 3732 625 3817 Significat
660 3740 766 3801 autem
794 3735 915 3817 ubique
944 3736 1122 3816 domiuum,
1157 3754 1274 3817 regem.
1324 3735 1447 3800 Nomen

174 3839 305 3905 Troiani
328 3847 379 3906 est
403 3843 489 3924 apud
514 3843 688 3909 Homerum
705 3840 742 3907 N
754 3844 830 3908 792.

279 3948 502 4032 veriloquium
527 3970 565 4015 ex
581 3950 707 4017 Graeca
731 3951 832 4032 stirpe
856 3949 987 4015 ductum
1003 3969 1067 4015 non
1083 3953 1248 4031 repertum
1265 3954 1325 4013 est.
1358 3946 1450 4025 Quod

172 4058 281 4120 autem
304 4056 477 4138 Hipponax
500 4075 578 4123 voce
608 4064 676 4123 tam
706 4056 892 4140 frequenter
916 4058 1028 4136 utitur,
1066 4057 1155 4122 cuius
1185 4072 1290 4121 sermo
1319 4052 1449 4119 vocibus

170 4162 353 4243 peregrinis
374 4165 562 4247 plerumque
579 4164 689 4248 Lydiis
706 4164 859 4241 abundat,
885 4168 918 4229 et
934 4165 1019 4247 quod
1035 4165 1130 4229 homo
1147 4163 1277 4246 quidam
1293 4161 1450 4226 Troianus

171 4268 227 4334 illo
263 4270 391 4337 nomine
425 4277 566 4353 vocatur,
600 4290 671 4337 cum
696 4271 827 4338 Troiani
850 4270 937 4335 haud
961 4272 1061 4336 semel
1084 4270 1214 4336 nomina
1237 4289 1299 4335 non
1325 4269 1451 4335 Graeca

277 4518 300 4589 ¹)
327 4519 369 4573 De
392 4520 543 4575 mutatione
562 4529 654 4591 β>μ
676 4520 706 4573 in
725 4519 838 4574 vocibus
858 4517 971 4573 Graecis
984 4521 1019 4573 ot
1036 4517 1190 4587 peregrinis
1211 4515 1244 4570 ci.
1264 4515 1450 4584 Kretschmer,

169 4602 266 4659 Kuhnc
286 4606 416 4663 zeitschr.
434 4609 539 4664 XXXV
557 4627 583 4680 p.
598 4611 659 4673 603,
678 4608 750 4663 Einl.
769 4608 798 4665 iu
817 4608 861 4661 dic
882 4607 981 4668 Gcsch.
1000 4607 1026 4662 d.
1045 4607 1150 4677 grisoli.
1166 4606 1295 4675 Sprachc,
1313 4623 1339 4676 p.
1353 4608 1413 4664 236.

222 4693 282 4749 lily,
299 4696 334 4740 De
348 4697 458 4752 Aeschyli
472 4698 534 4753 copia
548 4698 672 4744 verborum.
1256 4698 1273 4752 2
