3475 5250
718 337 939 402 -13-

191 535 277 581 mum
300 516 433 599 legitur,
457 518 514 583 sed
538 516 624 599 quod
648 521 681 582 et
703 517 736 581 in
761 517 931 601 tragoedia
955 521 988 582 et
1012 517 1097 599 apud
1112 515 1206 583 Iones
1230 535 1328 584 sensu
1349 520 1469 587 detrito

190 641 250 704 pro
267 641 314 704 eo,
335 623 420 706 quod
438 629 488 690 est
503 622 680 706 „amplus“,
698 628 883 706 usurpatur.
920 622 1016 691 Certe
1032 641 1264 707 saepenumero
1279 626 1360 693 haec
1375 627 1469 708 ratio,

193 731 254 797 etsi
289 730 387 797 fallax
425 750 496 798 esse
519 736 639 816 potest,
674 732 770 798 unica
792 733 845 799 via
868 737 928 815 est,
964 751 1027 815 qua
1051 733 1273 815 quaestionem
1297 735 1337 800 de
1361 735 1470 816 singu·

90 825 92 828 ’
191 837 296 904 larum
320 857 434 905 vocum
457 839 583 923 origine
606 839 784 906 diiudicare
807 841 914 908 liceat.

298 947 366 1011 Iam
389 965 465 1014 vero
496 947 672 1030 quaeritur,
709 948 794 1012 unde
827 948 907 1014 haec
930 947 1048 1030 tragici
1071 952 1190 1030 poetae
1213 947 1312 1014 verba
1334 947 1394 1013 tali
1417 946 1470 1012 via

192 1072 229 1119 ac
246 1054 373 1120 ratione
388 1054 518 1120 Ionicae
534 1055 672 1121 dialecto
689 1055 852 1122 vindicata
869 1056 1063 1138 acceperint.
1098 1055 1243 1120 Plurima
1259 1074 1299 1120 ex
1313 1054 1470 1120 iambicae

190 1161 299 1242 poesis
324 1180 484 1244 sermone,
518 1182 600 1246 quae
624 1162 717 1245 quasi
740 1168 894 1245 parentes
918 1163 1056 1230 diverbii
1079 1162 1197 1245 tragici
1218 1162 1390 1242 habentur,
1420 1180 1471 1227 re·

191 1273 284 1350 cepta
308 1287 379 1335 esse
404 1273 541 1347 constat,
566 1267 604 1335 ci.
621 1270 660 1335 de
677 1270 902 1353 Wilamowitz,
926 1270 1040 1353 philol.
1057 1270 1187 1336 Unters.
1208 1269 1267 1352 HI,
1291 1289 1323 1352 p.
1341 1271 1406 1334 310
1420 1287 1466 1352 sq.

191 1376 303 1459 Neque
326 1395 402 1444 vero
426 1378 529 1461 lyrica
552 1378 660 1460 poesis
682 1383 815 1460 praeter
839 1397 1006 1462 eaquae
1030 1397 1069 1443 ex
1092 1378 1184 1460 epico
1208 1395 1355 1443 sermone
1378 1377 1470 1442 illata

190 1490 266 1551 sunt
252 1485 459 1567 telement,a
498 1504 612 1552 vocum
646 1485 828 1551 Ionicarum
864 1503 978 1568 expers
1015 1490 1074 1566 est,
1112 1504 1195 1568 qnae
1224 1485 1360 1550 maxime
1384 1484 1470 1567 apud

189 1600 267 1674 poet
268 1612 303 1659 as
253 1595 423 1661 tlones
446 1595 579 1660 natos
571 1614 604 1659 1n
628 1612 721 1659 usum
744 1592 979 1676 vene1·tun,tc.f
1003 1594 1041 1658 Β.
1059 1592 1155 1659 Holst
1140 1598 1207 1676 ten,
1231 1594 1271 1658 de
1295 1592 1471 1659 Stesichori

191 1706 224 1765 et
239 1700 328 1783 Ibyci
346 1701 474 1770 dialt
441 1706 474 1768 et
491 1702 585 1785 copia
602 1703 688 1768 verb.
693 1702 840 1786 ,.Gryph
862 1703 958 1767 1884.
992 1702 1038 1768 Ut
1025 1707 1076 1766 ter
1092 1706 1149 1767 aut
1150 1721 1200 1766 em
1222 1701 1294 1767 fons
1310 1701 1469 1780 gravioris

191 1809 345 1874 momenti
373 1810 415 1875 ad
444 1809 707 1876 conformandum
735 1810 894 1891 tragicum
919 1815 952 1873 et
976 1808 1250 1874 diverhiorumet
1273 1809 1470 1874 canticorum

190 1931 369 1982 sermonem
414 1915 528 1999 fuerit,
587 1917 714 1983 etiamsi
765 1916 895 1982 difficile
939 1921 989 1983 est
1031 1916 1222 1998 diiudicare,
1273 1921 1382 1981 tamen
1424 1934 1466 1981 ne

190 2022 270 2088 baec
302 2025 448 2106 quaestio
483 2027 579 2108 plane
614 2027 821 2109 neglegatur,
856 2043 893 2088 re
928 2029 1062 2106 peracta
1097 2023 1301 2089 tractabitur.
1361 2022 1469 2087 Etiam

192 2129 361 2197 familiaris
377 2133 622 2199 Atheniensium
648 2152 753 2200 sermo
777 2137 924 2214 ternpore
948 2133 1143 2214 procedente
1110 2131 1268 2196 tmulta
1234 2134 1327 2197 tet
1313 2130 1414 2194 talia
1438 2135 1471 2194 et

191 2237 301 2304 Ionica
315 2239 455 2306 element
440 2241 653 2322 tarceepit,c
653 2239 786 2324 l..[Xen
788 2239 801 2326 ]
815 2245 940 2321 rept
897 2239 940 2305 At
940 2239 972 2304 h.
988 2241 1016 2307 2
1020 2241 1050 2313 8
1065 2240 1149 2321 quod
1162 2239 1238 2304 inde
1251 2256 1270 2302 a
1281 2238 1334 2302 VI.
1341 2237 1468 2302 saeculo

190 2343 311 2412 lactum
336 2365 407 2414 esse
436 2349 505 2414 ueri
534 2349 694 2431 quandam
719 2350 858 2430 speciem
883 2366 962 2430 prae
985 2367 1020 2413 se
1043 2345 1108 2413 lert
1093 2350 1264 2428 tpropter
1288 2343 1469 2410 commercii

191 2452 443 2521 vicissitudines.
489 2456 583 2522 Unde
618 2475 659 2521 ne
693 2457 834 2522 radicem
862 2456 1077 2520 Ionismorum
1100 2453 1290 2535 tragoediae
1312 2457 1469 2532 petamus,

191 2559 309 2644 obstat,
347 2564 432 2646 quod
463 2563 542 2630 haec
566 2565 723 2648 paulatim
747 2565 849 2647 magis
873 2565 1041 2647 magisque
1066 2563 1175 2629 Attica
1196 2559 1244 2642 fit,
1281 2559 1338 2624 illa
1360 2564 1469 2625 autern

190 2667 321 2735 Atticae
345 2672 586 2739 consuetudinis
610 2673 772 2739 elementa
795 2677 940 2755 tempore
964 2671 1161 2754 procedente
1185 2670 1278 2735 valde
1298 2673 1467 2751 augentur.

609 2908 635 2969 1.
664 2906 791 2972 Voces
815 2904 1051 2987 peregrinae,

397 3060 588 3145 ΔΕΛΤΟΣ,
618 3062 958 3145 ΔΕΛΤΟΓΡΑΦΟΣ,
989 3059 1267 3129 annuorum.

300 3204 410 3288 Suppl.
430 3208 492 3272 179
512 3208 605 3293 (169)
623 3211 708 3275 trim.
726 3210 811 3275 αἰνῶ
837 3206 985 3293 φυλάξαι
999 3206 1077 3291 τᾶμ’
1100 3205 1165 3288 ἔπη
1183 3202 1467 3286 δελτουμένας.

193 3313 300 3379 Prom.
318 3315 381 3378 789
400 3316 487 3399 (787)
512 3315 599 3384 trim.
623 3317 792 3400 μνήμοσιν
815 3314 977 3397 ὁέλνοις
1002 3317 1150 3398 φρενῶν.
1185 3313 1276 3377 Eum.
1295 3313 1358 3375 275
1376 3310 1469 3393 (271)

193 3420 279 3485 chor.
306 3417 576 3506 δελτογράφῳ
600 3421 638 3489 δὲ
661 3423 760 3489 πάντ’
791 3424 916 3505 ἐπωπᾷ
941 3424 1048 3506 φρενί.
1095 3422 1154 3487 Est
1177 3420 1278 3503 igitur
1304 3418 1326 3500 ἡ
1351 3415 1470 3495 δέλτος

195 3528 327 3609 „tabula
350 3530 555 3611 scriptoria“,
580 3531 665 3597 unde
689 3530 861 3597 formatum
884 3536 935 3597 est
950 3528 1184 3611 ὁελιογράφος
1200 3526 1276 3610 ,qui
1292 3527 1325 3591 in
1341 3524 1469 3590 tabulas

192 3634 311 3701 relert“
350 3641 382 3701 et
417 3633 600 3720 ὁελνοῦμαι
637 3640 690 3720 „in
721 3639 849 3704 tabulas
873 3637 1013 3715 relero“‚
1047 3635 1085 3703 ci.
1110 3635 1210 3702 schol.
1235 3635 1276 3699 ad
1300 3632 1410 3714 Suppl.
1437 3635 1470 3696 et

160 3756 164 3763 ’
192 3738 283 3807 Eum.
306 3743 328 3807 1.
346 3761 371 3808 c.
407 3744 527 3809 Eodem
552 3764 650 3813 sensu
674 3744 793 3826 ὁέλνος
815 3746 936 3830 legitur
960 3745 1047 3829 apud
1070 3741 1262 3826 Sophoclem
1287 3739 1399 3805 Trach.
1415 3741 1468 3818 47,

196 3852 269 3932 157,
296 3852 370 3931 683,
397 3850 458 3933 frg.
477 3854 541 3917 540
564 3854 596 3917 in
621 3854 774 3920 diverbiis
798 3860 831 3921 et
848 3854 934 3937 apud
951 3854 1138 3936 Euripidem
1154 3850 1240 3915 haud
1254 3866 1339 3913 raro.
1370 3846 1468 3927 Lyco-

184 3957 294 4037 ¹phron
318 3959 366 4024 hl.
387 3960 471 4024 1382
496 3962 692 4043 tragicorum
709 3982 799 4029 usum
818 3962 974 4046 sequitur,
999 3980 1101 4044 aeque
1119 3965 1217 4041 atque
1234 3953 1468 4036 Aristophanes

194 4064 319 4132 Thesm.
346 4066 409 4132 778
433 4086 527 4151 anap.
554 4066 613 4150 ἄγε
644 4067 685 4152 ὀὴ
716 4070 870 4135 πινάκων
901 4068 1028 4151 ξεστῶν
1059 4064 1203 4133 δέλτοι.
1251 4061 1468 4129 Mnesilochus

193 4174 276 4238 enim
300 4174 465 4257 Euripidis
485 4175 725 4243 Palamedem
716 4180 808 4243 imita
810 4184 873 4259 tur,
899 4176 936 4243 cf.
956 4177 1078 4258 Nauck,
1103 4182 1186 4257 t.rag
1205 4173 1318 4240 Graec.
1334 4166 1467 4251 fragm.2

190 4299 221 4362 p
240 4278 445 4348 542.0010r
470 4288 538 4349 cert
539 4302 556 4349 e
524 4284 649 4350 tdict
625 4286 723 4352 bonis
740 4286 883 4369 tragicus
901 4290 960 4352 est.
937 4284 1047 4351 E
1025 4291 1103 4349 mm
1118 4283 1151 4347 in
1167 4280 1313 4347 Platonis
1330 4278 1415 4360 epist
1400 4276 1470 4342 tula

192 4387 351 4471 alterap
368 4388 486 4457 alab:
513 4393 687 4474 φραστέον
710 4391 747 4457 ὁέ
764 4411 817 4459 σοι
834 4391 875 4458 dc
895 4389 1107 4476 αἰνιγμων,“
1093 4390 1134 4454 ιν’
1162 4385 1203 4453 ἄν
1226 4405 1258 4452 ιι
1280 4386 1302 4469 ἡ
1327 4382 1469 4464 δέλτος

190 4492 213 4578 ἢ
238 4495 368 4562 πόντον
391 4495 413 4580 ἢ
437 4501 498 4580 γῆς
522 4498 558 4564 ν
574 4507 719 4583 πτυχαις
739 4500 849 4587 πάθῃ,
875 4498 1080 4583 ὁάναγνοὺς
1094 4496 1142 4579 μὴ
1157 4499 1227 4579 γνῷ
1244 4513 1350 4563 sermo
1366 4492 1469 4576 poeti·

192 4621 248 4669 cus
266 4608 326 4690 est,
350 4624 451 4689 quare
469 4606 578 4691 Cobet,
603 4607 674 4691 top.
692 4609 764 4693 ἑρμ.
784 4614 812 4693 1,
838 4631 869 4693 p.
888 4614 953 4675 456
966 4629 1012 4691 sq.
1037 4607 1175 4676 coniecit
1190 4605 1352 4673 senarium
1368 4600 1469 4682 tragi-
