3475 5250
794 322 1014 387 ..94„

261 499 399 586 Φοινίκη
423 502 579 586 κειμένου
614 505 714 570 τείνει
748 500 791 567 τό
820 501 856 584 ές
885 500 1070 568 όόλασσαν
1104 500 1202 584 μέχρι
1228 496 1390 582 Τριοπίου
1425 495 1543 583 ἄκρης.

260 610 347 676 οίκεῖ
367 608 402 676 δ’
429 609 466 676 έν
489 615 530 695 τῇ
548 609 651 694 ἀκτῇ
668 609 776 694 ταότη
796 607 903 675 έόνεα
919 607 1121 692 ἀνθρώπων
1144 608 1337 690 τριήκοντα.
1360 606 1432 693 (39)
1457 605 1543 689 αὕτη

259 718 324 800 μέν
359 739 421 783 νυν
455 717 478 801 ν)
515 717 613 801 ἑτέρη
648 721 720 784 τῶν
755 716 898 793 ἀκτέων,
936 717 958 800 ἡ
989 714 1033 782 (li
1056 713 1099 798 όὴ
1128 715 1245 797 ἑτέρη
1281 711 1350 779 ἀπὸ
1373 711 1545 796 Περσέων

261 823 433 909 ἀρξαμένη
459 826 693 909 παρατέταται
720 824 755 906 ές
778 823 844 908 τὴν
872 822 1045 908 Ἐρυθρὴν
1067 819 1262 907 βάλασσαν,
1286 821 1308 905 ἡ
1332 839 1369 889 τε
1390 819 1549 905 Περσική,

260 933 318 997 καὶ
355 931 424 998 ἀπὸ
458 934 588 1016 ταύτης
623 931 827 1016 έκόεκομένη
864 932 901 1015 ἡΙ
927 929 1084 1015 Ἀσσυρίη
1120 930 1178 996 καί
1211 927 1280 995 ἀπὸ
1310 926 1488 1013 Ἀσσυρίης
1522 929 1544 1012 ἡ

266 1037 413 1126 Ἂροβίη·
432 1038 526 1124 λήγει
549 1038 587 1106 όέ
611 1039 698 1124 αὕτη
716 1039 757 1106 ori
773 1039 925 1124 λήγουσα
949 1039 980 1104 εἰ
994 1037 1041 1122 μὴ
1065 1038 1163 1122 νόμῳ
1187 1036 1224 1118 ἐς
1246 1035 1307 1104 τόν
1330 1035 1461 1102 κόλπον
1484 1034 1545 1100 τόν

266 1144 422 1230 Ἀράβιον
444 1146 516 1217 κτλ.
542 1147 610 1234 (41)
635 1145 723 1217 κατὰ
737 1149 801 1231 μέν
824 1169 888 1214 νυν
903 1146 1081 1229 Αἴγυπτον
1104 1146 1127 1229 ἡ
1152 1143 1254 1227 ἀκτὴ
1279 1143 1380 1227 αὕτη
1405 1143 1544 1226 στεινή

261 1253 351 1320 έστι
368 1308 375 1322 .
393 1303 401 1322 .
419 1305 427 1322 .
445 1254 485 1321 τό
510 1253 548 1321 όέ
573 1255 641 1322 ἀπὸ
677 1260 739 1322 τοῦ
771 1258 906 1328 στεινοῦ
930 1254 1056 1320 τούτου
1079 1253 1188 1337 κάρτα
1222 1251 1356 1318 πλατέα
1390 1251 1546 1334 τυγχάνει

262 1361 367 1427 ἐοῦσα
403 1362 548 1446 ἡάκτν)
571 1363 647 1447 ἥτις
678 1361 788 1448 Λιβύη
825 1361 998 1446 κέκληται.
1044 1362 1208 1444 Imprimis
1238 1360 1337 1426 dictio
1360 1359 1381 1442 ἡ
1406 1356 1492 1441 ἀκτή
1510 1407 1545 1425 ..

261 1471 377 1554 στεινή
403 1469 473 1536 ἐστι
497 1473 615 1554 probat
631 1473 723 1538 nobin
740 1473 931 1540 vertendum
955 1489 1028 1537 esse
1043 1470 1290 1553 „paeninsnlu“,
1314 1468 1446 1534 minime
1468 1485 1546 1532 vero
1625 1525 1629 1533 .
1726 1454 1727 1491 ³

265 1579 377 1662 ‚‚ora“.
424 1578 514 1645 Idem
549 1581 636 1648 valet
670 1579 803 1648 deloco
828 1579 914 1646 VIII.
939 1581 992 1660 95,
1028 1579 1084 1645 ubi
1107 1577 1332 1661 paeninsulam
1367 1573 1547 1642 aSalami-

262 1686 389 1752 niorum
420 1673 502 1753 urbe
535 1689 568 1753 in
604 1689 761 1762 orientem
799 1693 926 1771 partem
961 1691 1149 1768 vergentem
1185 1685 1316 1766 indicat,
1352 1702 1425 1750 oum
1458 1683 1554 1749 dicat

263 1791 349 1878 ἀκτὴ
385 1797 447 1876 τῆς
470 1791 683 1879 Σαλαμινίης
707 1795 835 1879 χώρης.
882 1794 920 1860 Id
956 1813 1032 1861 vero
1067 1796 1243 1861 tenendum
1274 1799 1323 1858 est
1346 1792 1548 1858 Herodotum

261 1900 423 1986 haonuoce
446 1921 510 1968 non
535 1904 665 1978 utInisi
689 1904 728 1969 de
752 1902 1002 1987 paeninsula.
1049 1900 1171 1968 Contra
1193 1903 1226 1966 in
1243 1899 1453 1983 Hippocratis
1476 1900 1547 1965 loon

263 2006 351 2074 ἐπιό.
377 2007 416 2075 α’
441 2011 492 2090 13,
529 2011 553 2078 Ι.
580 2013 692 2079 2138
717 2011 796 2076 lllw.
831 2016 986 2094 γυναῖκα,
1021 2012 1044 2095 ἡ
1073 2013 1247 2078 κατέκειτο
1276 2010 1313 2076 έν
1337 1996 1433 2094 ἀκτῇ,
1470 2011 1548 2094 quid

263 2114 348 2200 ἀκτή
373 2117 545 2200 significet,
584 2119 716 2186 dubium
741 2125 804 2200 est3
841 2121 920 2186 item
944 2119 1079 2186 άκταῖοι
1102 2118 1212 2203 epilog,
1238 2119 1397 2209 quomodo
1421 2119 1550 2202 possint

261 2224 432 2308 appellari,
458 2227 630 2308 nescimus
656 2227 694 2293 of.
711 2227 865 2311 Hippoor.
882 2250 919 2293 π.
943 2225 1030 2294 aori.
1056 2231 1109 2306 52,
1132 2227 1170 2293 L.
1188 2226 1243 2292 VI.
1268 2229 1334 2293 264
1349 2224 1408 2292 καί
1424 2227 1458 2291 οί
1473 2223 1547 2308 ληι-

261 2337 353 2399 ναῖοι
375 2333 433 2399 καί
446 2335 564 2416 πίονες
579 2335 633 2400 καί
648 2335 811 2418 ποτάμιοι
825 2332 1018 2419 βαρύτεροι,
1043 2335 1076 2402 ολ
1092 2332 1131 2399 όέ
1154 2333 1323 2400 όκταῖοι
1338 2333 1547 2418 κουφότεροι

263 2438 390 2524 (ίχόός)
418 2443 543 2525 „pisces
567 2443 753 2526 maritimi“‚
790 2443 852 2510 nisi
876 2444 961 2510 forte
985 2444 1158 2526 explicatio
1194 2445 1269 2509 Inde
1292 2443 1473 2510 haurienda
1496 2449 1548 2509 est

262 2550 347 2632 quod
372 2550 478 2634 pisces
515 2552 726 2635 capiebantur
762 2553 802 2616 ad
826 2551 1051 2635 promunturia
1085 2557 1119 2617 et
1154 2569 1232 2617 saxa
1255 2551 1473 2635 prominentia
1507 2551 1547 2618 oi.

264 2656 357 2740 Verg.
384 2662 462 2725 Aen.
486 2660 540 2725 IV.
567 2661 632 2725 255
658 2660 799 2743 „piscosi
823 2661 981 2744 scopuli“‚
1003 2658 1102 2727 Solin.
1130 2662 1149 2725 5
1178 2660 1458 2742 „promuntorium
1481 2660 1548 2742 pis-

263 2765 549 2835 oulentissimum.“

369 2873 463 2961 Apud
479 2874 694 2941 Athenienses
719 2876 841 2959 primus
865 2876 1006 2943 omnium
1023 2874 1121 2943 Solon
1139 2893 1249 2942 vocem
1272 2875 1404 2943 exhibet
1425 2874 1486 2956 lrg.
1504 2876 1548 2940 28

262 2976 390 3045 Νείλου
414 2981 470 3047 έπί
492 2987 660 3066 προχοῇσι
683 2980 887 3067 Κανωβίδος
902 2981 1045 3066 έγχυόεν
1069 2982 1205 3066 ἀκτῆς.
1250 2983 1304 3049 Ita
1326 2983 1436 3050 dicere
1458 2982 1548 3066 lieet,

263 3088 339 3169 quia
363 3089 481 3155 ostium
507 3089 703 3157 OanobIoum
739 3111 854 3159 revera
891 3093 924 3157 in
955 3110 1045 3157 mare
1074 3092 1247 3174 prominet.
1293 3091 1373 3158 Post
1397 3090 1549 3158 Solonem

262 3196 442 3280 Aeschylus
466 3198 681 3264 nominandus
706 3205 767 3281 est,
792 3200 883 3265 ouius
907 3200 970 3266 loci
999 3200 1033 3265 hi
1056 3207 1148 3267 sunt:
1187 3199 1326 3283 Saepius
1350 3217 1460 3264 nouem
1483 3198 1549 3263 sin-

263 3304 369 3386 gulari
392 3310 449 3371 ant
465 3305 586 3388 plurali
603 3326 735 3373 numero
760 3308 799 3375 de
825 3326 864 3372 ea
881 3307 1055 3373 Salaminis
1070 3308 1263 3391 paeninsula
1277 3312 1427 3390 usurpat,
1451 3324 1549 3389 quarn

263 3412 448 3479 Herodotus
472 3411 558 3479 Vlll.
585 3415 627 3478 95
652 3414 739 3498 (uide
764 3415 875 3498 supra)
911 3415 959 3481 ita
982 3420 1163 3495 vocaverat,
1197 3414 1257 3480 illa
1281 3416 1421 3498 quidem,
1457 3414 1549 3480 onius

264 3524 408 3587 extrema
432 3521 464 3586 in
488 3527 582 3605 parta
618 3523 724 3589 iusula
748 3523 928 3606 Psyttaleia
956 3524 1021 3588 sita
1044 3529 1105 3605 est,
1142 3523 1231 3590 Pars.
1256 3524 1320 3588 273
1345 3524 1440 3606 (211)
1463 3522 1550 3588 trim.

264 3625 464 3710 Σαλαμῖνος
499 3628 600 3695 ἀκταί
622 3632 691 3712 πᾶς
713 3648 751 3695 τε
773 3630 980 3714 πρόσχωρος
1002 3630 1122 3712 τόπος,
1150 3631 1228 3697 ibid.
1257 3632 1322 3696 303
1347 3628 1440 3716 (301)
1463 3630 1551 3695 trim.

265 3733 440 3819 στυφλοός
466 3734 554 3819 παρ’
586 3735 693 3820 ἀκτὰς
708 3735 860 3804 όείνεται
876 3736 1058 3821 Σιληνιῶν,
1083 3758 1146 3823 quo
1163 3739 1292 3805 nomine
1316 3739 1429 3805 eadem
1452 3754 1551 3820 peen-

266 3845 372 3911 insula
397 3844 560 3911 indicatur
596 3844 633 3909 of.
659 3845 772 3925 schol.;
811 3846 889 3911 ibid.
913 3848 976 3911 421
1007 3846 1111 3930 (419),
1147 3848 1212 3911 449
1237 3843 1329 3931 (447)
1352 3846 1449 3928 trima
1486 3848 1552 3911 570

266 3952 368 4037 (563),
406 3954 470 4017 953
496 3953 598 4035 (930),
636 3955 701 4026 966
730 3950 823 4039 (941)
860 3953 945 4019 chor.
983 3954 1015 4018 in
1039 3954 1226 4020 universum
1259 3973 1339 4020 saxa
1370 3960 1403 4020 et
1426 3952 1552 4036 scopuli

266 4061 353 4126 illins
388 4060 464 4126 freti
508 4061 569 4127 hao
608 4079 687 4127 voce
722 4061 917 4144 induantur,
958 4062 1056 4127 etiam
1091 4062 1352 4143 promuntorium
1391 4059 1553 4127 Cenaeum

267 4166 420 4235 Euboeae
443 4169 476 4233 in
504 4168 663 4235 occidenti
687 4174 782 4252 parte
806 4170 904 4235 situm
928 4170 961 4234 in
985 4168 1045 4253 frg.
1072 4170 1124 4235 30.
1144 4171 1163 4233 2
1189 4171 1286 4249 trim.‚
1311 4168 1420 4234 Piraei
1443 4172 1552 4235 autem

266 4294 382 4341 nomen
419 4296 518 4360 supra
543 4282 829 4343 commemoratum
853 4276 982 4357 alludit,
1018 4296 1091 4343 oum
1114 4276 1257 4343 Atticam
1282 4277 1373 4344 Eum.
1400 4277 1441 4341 10
1465 4276 1552 4342 trim.

266 4389 360 4449 vocet
383 4381 510 4466 ἀκτὰς
533 4384 733 4466 ναυπόρους
761 4381 824 4465 τὰς
847 4380 1046 4465 Παλλάδος.
1094 4384 1183 4450 Nihil
1212 4385 1288 4451 novi
1310 4386 1351 4450 de
1375 4402 1473 4451 sensu
1496 4384 1553 4449 do·

267 4509 376 4556 camur
393 4494 451 4573 Ag.
470 4493 535 4556 493
552 4489 647 4577 (471)
671 4492 758 4559 Irim.
780 4490 898 4574 κήρυκ’
925 4489 988 4555 ἀπ’
1015 4489 1140 4575 ἀκτῆς
1163 4489 1259 4556 τόνό’
1279 4489 1351 4574 ὁρῶ
1374 4492 1395 4558 i.
1414 4510 1442 4557 a.
1458 4508 1553 4573 prae·

268 4614 379 4663 eonem
404 4598 515 4662 classis
541 4598 759 4679 Achaeorum
795 4615 868 4663 nam
894 4599 970 4665 inde
994 4600 1034 4665 ab
1051 4600 1192 4666 Homero
1217 4606 1328 4665 notum
1352 4598 1414 4667 fuit
1436 4603 1553 4665 nautas
