3475 5250
697 339 915 404 ..49-

272 514 412 581 Maxime
447 533 523 580 vero
548 515 580 582 in
604 534 665 582 usu
689 521 739 582 est
774 517 859 598 opud
888 517 1051 599 pedestris
1085 517 1242 584 cretionis
1272 517 1448 600 scriptores

158 617 333 684 Ionicos:
358 617 477 684 Herod.
502 618 557 684 IV.
586 619 648 683 156
671 617 759 702 μετὰ
783 616 821 683 ὁὲ
837 617 934 702 αότῷ
957 637 995 685 τε
1018 619 1130 703 τούτῳ
1154 621 1309 705 καὶτοῖς
1333 622 1451 708 ἄλλοις

162 722 341 809 Θηραίοισι
381 725 586 808 συνεφέρετο
630 724 846 809 παλιγκότως
898 732 1034 810 „postea
1076 727 1125 794 illi
1164 730 1229 812 ipsi
1267 733 1449 816 ceterisque

160 833 320 900 Theraeis
337 834 474 901 adverse
490 834 641 916 eccilit“,
666 853 725 900 nec
748 854 825 902 vero
844 837 1034 902 vertendum
1051 841 1111 915 est,
1137 836 1171 903 id
1187 840 1273 922 quod
1289 840 1450 924 Schweig-

159 941 283 1008 htuser
307 940 341 1007 in
358 941 419 1012 len.
437 941 558 1008 Herod.
582 962 613 1024 p.
633 943 696 1007 279
713 941 802 1025 fecit,
829 961 948 1024 „nove
971 944 1105 1010 malain
1131 965 1186 1013 eos
1202 947 1450 1032 incubuerunt“,

134 1033 201 1116 'ut
225 1069 264 1116 ex
287 1055 440 1116 contextu
475 1049 571 1116 facile
607 1051 821 1134 cognoscitur.
869 1051 964 1134 Apud
989 1053 1221 1136 Hippocratem
1245 1054 1451 1140 παλίγκοτος

160 1177 237 1224 eum
272 1163 393 1224 statum
427 1157 531 1223 morbi
567 1158 700 1244 indicat,
735 1158 792 1223 ubi
826 1160 1006 1241 periculum
1029 1161 1186 1229 imminet.
1232 1165 1450 1248 Repetitionis

159 1265 276 1331 visne
312 1265 363 1352 lnis
387 1265 518 1347 quidem
553 1264 632 1332 locis
656 1266 751 1348 inest,
789 1267 829 1332 de
856 1286 922 1350 que
945 1270 1148 1350 grammatici
1183 1272 1282 1339 verbe
1316 1273 1448 1350 iaciunt

163 1372 221 1439 cl.
241 1373 329 1439 Erot.
367 1393 397 1456 p.
432 1374 503 1438 106.
531 1374 549 1438 8
585 1371 909 1456 παλιγκατωτότοις·
948 1373 1245 1462 φιλοπαστρόφοις
1278 1383 1448 1467 νοσήμασι

159 1482 204 1548 ed
229 1479 315 1548 ἑπιό.
339 1478 372 1565 β’
393 1481 435 1548 Il.
462 1483 514 1564 24,
539 1482 574 1546 L.
601 1483 638 1548 V.
665 1484 724 1548 96:
760 1479 869 1565 βραχὺ
906 1480 945 1547 όέ
979 1501 1011 1548 τι
1034 1485 1187 1551 τουτέων
1220 1494 1310 1556 τοῖσι
1332 1489 1449 1573 παλιγ-

156 1588 388 1676 κοτωτότοιαι
410 1588 580 1672 κρόταφοι
614 1587 757 1672 όερμοί,
791 1591 864 1657 vide
890 1592 1003 1659 Galen.
1040 1593 1102 1660 vol.
1127 1593 1245 1662 XVIII.
1272 1600 1291 1663 2
1326 1617 1358 1681 p.
1383 1601 1449 1664 464

158 1697 286 1783 (Κίιίια)
321 1694 364 1762 τὰ
388 1694 547 1780 κακοήθη
582 1694 777 1780 παόηματα
800 1696 992 1781 παλίγκοτα
1014 1697 1115 1765 καλεῖ
1146 1703 1203 1766 καί
1226 1702 1266 1768 τό
1289 1704 1450 1788 παλιγκα-

158 1807 289 1872 ταίνειν
323 1802 363 1870 τὸ
399 1802 475 1870 οῖον
503 1801 609 1870 πόλιν
643 1802 934 1888 κακοηόσόασόαι.
982 1806 1140 1874 Similiter
1169 1810 1323 1895 Hippocr.
1361 1811 1447 1878 ε’πιό.

160 1910 193 1977 δ’
217 1914 269 1994 20,
305 1912 340 1978 L.
364 1912 404 1979 V.
432 1915 495 1978 160
531 1910 643 1977 όόπό
669 1916 730 1979 τοῦ
765 1915 935 1997 κεραμέαν
965 1913 1069 1982 ίπνοσ
1097 1920 1315 2001 καταπεσών,
1349 1917 1446 2002 ᾦαό

158 2018 386 2105 προσεβλήόη
412 2019 532 2086 αὐτίκα
548 2021 656 2104 σικόη,
683 2020 816 2106 ἐκαόόη
834 2020 914 2103 ἔσω,
937 2023 995 2089 καὶ
1019 2025 1155 2109 εἰκοστῇ
1171 2025 1448 2111 ἐπαλιγκότησιν,

158 2131 240 2196 item
256 2151 327 2211 γον.
343 2126 375 2212 β’
393 2133 467 2212 Ill,
491 2129 526 2194 L.
545 2129 632 2196 VIII.
651 2130 733 2196 350.
774 2129 938 2214 Imprimis
954 2132 988 2197 iu
1004 2131 1173 2216 fracturis„
1194 2155 1265 2202 cum
1282 2137 1380 2204 tertio
1396 2137 1448 2204 vel

159 2243 278 2320 quarto
303 2237 355 2304 die
379 2238 617 2319 ingravescant,
653 2235 898 2320 παλιγκότησις
921 2248 1071 2306 vocetur:
1119 2259 1154 2309 π.
1181 2240 1283 2327 ᾶρόρ.
1305 2243 1380 2329 ἑμβ.
1405 2248 1446 2310 67

159 2345 202 2412 Π.
229 2347 303 2412 220.
330 2347 348 2410 3
374 2345 454 2410 Klw.
479 2349 665 2428 ceroptata
685 2343 748 2428 γὰρ
773 2344 871 2411 ἰόντα
887 2345 1102 2430 ἐπισημαίνει
1117 2352 1195 2432 τῇσι
1212 2347 1448 2434 παλιγκοτίηοι

158 2453 328 2536 μάλιστα,·
350 2454 447 2520 simil.
471 2451 569 2537 μοχλ.
595 2454 740 2535 30-31,
764 2453 806 2520 Π,
825 2456 901 2519 261.
919 2458 972 2536 21,
992 2458 1065 2521 262.
1083 2458 1112 2522 3.
1132 2458 1173 2521 21
1191 2457 1273 2539 Klw,
1289 2476 1325 2523 π.
1344 2455 1447 2541 όρόρ.

159 2558 235 2645 σμγ.
262 2545 315 2644 ov,
339 2561 380 2629 11.
408 2564 481 2631 ιιι.
509 2561 626 2643 curn,
650 2579 686 2631 ο.
712 2557 788 2645 cyp.
817 2565 868 2645 ιι,
893 2562 934 2629 11.
962 2565 1014 2629 co.
1041 2564 1092 2649 19,
1118 2566 1170 2647 nn,
1195 2567 1247 2634 ec.
1274 2567 1304 2647 5,
1329 2566 1445 2636 emo.

268 2671 397 2737 Mature
421 2677 530 2737 eutem
565 2672 815 2737 intermortuum
839 2672 968 2738 videtur
997 2671 1097 2739 inisse
1128 2674 1319 2740 vocabulum
1342 2693 1446 2757 neque

156 2778 192 2843 in
217 2778 336 2860 κοινήν
351 2784 528 2861 receptum.
577 2778 660 2846 Nem
676 2778 762 2863 quod
778 2784 898 2862 poetee
914 2780 1135 2862 Alexandrini,
1162 2782 1295 2850 Theocr.
1321 2783 1374 2859 22,
1392 2783 1444 2863 58,

156 2886 281 2954 Mosch.
305 2888 336 2953 4.
356 2889 398 2953 92
423 2889 464 2954 al.
490 2907 528 2954 eo
554 2892 700 2969 utuntur,
724 2887 941 2954 imitationem
965 2889 1085 2956 veteris
1108 2890 1217 2970 poesis
1241 2887 1362 2971 prodit.
1429 2936 1436 2944 „

267 2992 483 3078 παλίγκοτος,
509 3001 545 3062 ut
568 2996 679 3063 videre
694 2995 781 3077 licet,
806 2996 840 3061 in
865 3014 926 3061 usu
951 3002 1001 3063 est
1025 2998 1111 3079 apud
1126 2997 1221 3066 lones
1246 3002 1279 3064 et
1302 2998 1445 3078 tragicos

158 3122 217 3171 nec
240 3124 305 3171 non
322 3105 438 3188 lyricos
455 3110 581 3187 poetas.
628 3104 677 3171 Ex
701 3103 741 3171 iis
758 3109 880 3186 autern,
904 3123 988 3188 quoe
1010 3106 1050 3171 de
1066 3105 1242 3188 veriloquio
1261 3103 1445 3188 disputave-

157 3218 234 3279 runt
259 3212 445 3297 (Prellvim,
471 3219 567 3296 etym.
585 3212 748 3279 Worterb.
766 3232 792 3279 s.
809 3232 842 3281 v.
852 3210 1061 3295 παλίγκοτος
1085 3217 1118 3279 et
1132 3211 1244 3296 κότος,
1268 3212 1304 3280 L.
1321 3212 1443 3296 Meyer,

158 3340 205 3400 gr.
230 3321 335 3403 thm.
361 3320 387 3402 I,
411 3340 443 3404 p.
462 3323 526 3390 315
544 3340 568 3387 s,
587 3341 616 3387 v.
641 3318 844 3404 ἀλλόκοτος)
870 3321 1004 3387 dubium
1020 3342 1085 3390 non
1102 3327 1162 3399 est,
1186 3322 1264 3403 quin
1279 3320 1324 3387 sit
1339 3317 1444 3385 πόλιν

156 3427 269 3511 κότος,
294 3429 356 3497 etsi
380 3448 538 3512 nusquam
562 3448 677 3495 revera
701 3428 864 3511 significat
888 3430 1028 3511 „iterum
1044 3428 1213 3515 ir·etus“¹),
1237 3428 1295 3495 sed
1319 3428 1443 3511 simpli·

156 3537 239 3603 citer
255 3538 516 3617 ,adversarruse
562 3536 735 3604 Notionem
752 3538 854 3619 igitur
870 3538 1078 3621 repetitionis
1094 3555 1154 3603 usu
1171 3541 1330 3619 perpetuo
1346 3534 1444 3618 plane

155 3646 292 3727 periisse
316 3646 473 3727 videmus,
504 3644 542 3711 cl.
568 3644 658 3712 Suid.
682 3640 898 3726 παλίγκοτος
929 3642 1075 3727 ὀργίλος,
1101 3642 1253 3725 στυγνὸς,
1280 3639 1440 3726 φοβερός,

157 3751 311 3833 ἐναντίος
327 3751 400 3819 κτλ.
425 3754 496 3822 sim.
514 3754 651 3837 Hesych.
678 3752 766 3834 Ideo,
791 3754 994 3835 quodetiam
1018 3753 1050 3817 in
1067 3752 1130 3820 hoc
1153 3752 1310 3818 vocabulo
1328 3768 1442 3818 sensus

155 3860 312 3941 peculiari
335 3863 430 3929 modo
441 3860 465 3945 ²)
489 3867 634 3928 mutatus
660 3866 720 3944 est,
745 3880 866 3945 vocem,
892 3881 963 3928 cum
986 3861 1019 3927 in
1041 3880 1102 3927 usu
1118 3859 1217 3928 fuerit
1234 3859 1320 3943 apuu
1347 3859 1441 3925 Iones

155 3974 188 4033 et
211 3969 355 4051 tragicos
378 3970 562 4054 lyricosque
585 3974 713 4052 poetes,
737 3968 867 4036 Ionicae
893 3968 1120 4037 consuetudini
1142 3967 1353 4036 vindicemus.

155 4148 369 4161 nnn—ananan*-

244 4273 267 4342 ¹)
285 4272 385 4327 Lexice
400 4272 539 4327 interdum
552 4271 624 4327 hanc
637 4272 790 4327 versionem
800 4269 943 4341 praebent,
963 4270 1042 4324 cuius
1054 4269 1116 4324 fons
1131 4268 1190 4323 sole
1202 4268 1441 4337 grammaticorum

152 4366 277 4419 veterum
296 4362 423 4417 doctrine
442 4366 484 4416 est
496 4362 632 4433 (Erotion.
652 4362 748 4418 Galen.
769 4360 864 4431 Sunt).
885 4359 1056 4430 Scriptorum
1075 4360 1199 4413 locieam
1218 4358 1287 4413 sotis
1304 4356 1437 4412 refutant.

244 4453 267 4523 ¹)
285 4452 375 4507 Simili
393 4452 500 4506 ratione
518 4452 547 4505 in
568 4451 704 4507 Germane
722 4452 818 4521 lingua
838 4450 972 4516 „viedcr“
991 4449 1117 4521 (iterum)
1136 4448 1239 4503 fectum
1260 4451 1302 4502 est
1323 4446 1437 4511 ,πλόοιαἱ

150 4543 315 4614 (adversus),
343 4558 413 4613 quoe
441 4558 496 4596 nno
523 4540 673 4612 eademque
704 4558 756 4596 vox
786 4544 838 4596 ost.
876 4541 959 4596 πόλιν
977 4540 1008 4594 in
1027 4539 1133 4595 Graeco
1161 4554 1286 4595 sermone
1304 4551 1440 4609 nusquem

150 4634 219 4689 alibi
237 4649 346 4689 sensnm
366 4632 498 4687 contrarii
516 4632 647 4702 praebere
665 4631 784 4688 videtur.

204 4722 270 4777 Aly,
286 4723 319 4764 De
334 4721 442 4775 Aeschyli
460 4720 522 4773 euplo
536 4720 660 4764 ruborum.
1224 4725 1242 4775 4
