3475 5250
831 294 1052 363 ..48-

307 474 370 542 nisi
392 474 527 559 μοταξό.
573 473 695 541 Eodem
724 493 820 540 sensu
843 479 933 541 extat
959 476 1046 560 apud
1068 476 1203 542 Aristot.
1229 476 1259 541 d.
1283 481 1381 558 partt.
1407 477 1502 543 anim.
1529 478 1582 554 14,

307 604 339 666 p.
354 587 394 649 67
398 586 449 649 ba
466 585 485 648 2
509 582 587 649 τότε
610 581 672 666 γὰρ
696 578 762 665 ribo
785 585 984 665 μεταίχμιον
1002 585 1127 665 γίνεται
1141 587 1212 648 τῶν
1227 583 1346 649 τόπων
1363 582 1580 667 ἀμφοτέρων,

308 696 347 757 ut
365 691 462 773 paulo
479 695 554 757 ante
564 688 690 773 μεταξύ
707 691 842 771 dixerat,
859 696 892 757 et
906 693 1104 772 posteriores
1119 692 1206 758 velut
1222 692 1297 758 Loo.
1312 710 1412 757 amor.
1426 694 1478 773 40,
1494 691 1582 758 Plut.

309 798 400 864 Brut.
418 800 470 876 48,
495 797 594 864 schol.
613 796 725 863 hesch.
744 797 831 878 Sept.
851 800 869 861 7
874 798 914 863 63
931 798 1024 883 (746)
1034 796 1070 880 ²).

413 907 477 971 Res
494 905 593 987 igitur
611 905 721 970 eadem
737 911 789 971 est
803 909 902 988 atque
916 905 950 971 in
962 905 1092 972 vocibus
1105 904 1303 989 ἀμφιδέξιος
1318 911 1351 972 et
1368 903 1582 989 opprobriosis.

308 1012 403 1094 Apud
427 1013 522 1078 Iones
546 1031 607 1078 vox
629 1013 762 1095 proprie
786 1018 819 1078 et
841 1012 961 1078 tralato
983 1019 1170 1096 usurpatur,
1193 1014 1279 1095 apud
1303 1012 1428 1079 Atticos
1452 1014 1582 1079 omnino

308 1139 372 1186 non
395 1124 473 1185 nota
497 1125 556 1201 est,
581 1121 752 1203 tragoedia
774 1137 867 1186 usum
889 1120 1036 1203 sequitur
1050 1120 1172 1187 Ionum.
1209 1121 1310 1199 tinem
1326 1138 1515 1187 consensum
1529 1121 1585 1185 vix

310 1227 479 1309 quisquam
504 1227 677 1294 contendat
698 1227 866 1293 fortuitum
888 1246 969 1293 esse.
1007 1228 1113 1307 Quare
1127 1248 1189 1294 vox
1203 1234 1337 1311 propter
1354 1246 1467 1294 causas
1483 1246 1584 1310 supra

310 1335 467 1402 indicatas
491 1335 536 1418 (p.
552 1337 594 1400 46
604 1333 665 1420 sq.)
688 1335 818 1403 Ionibus
840 1335 1015 1429 tribuenda
1037 1335 1164 1402 videtur
1187 1355 1268 1404 esse.

795 1527 1098 1596 ΠΑΛΙΓΚΟΤΟΣ.

413 1654 524 1737 Suppl.
543 1657 607 1720 876
624 1654 715 1740 (361)
731 1657 816 1723 trim.
843 1654 925 1738 ἀγος
946 1657 1010 1741 μὲν
1032 1656 1084 1739 oin
1109 1661 1183 1738 τοῖς
1198 1655 1295 1740 ἐμοῖς
1309 1656 1582 1740 παλιγκότοις.

311 1761 389 1827 ibid.
412 1765 473 1827 571
493 1763 586 1848 (549)
607 1765 693 1830 trim.
722 1766 755 1830 τί
782 1762 864 1845 τοός
895 1763 1141 1844 ἀναλωθέντας
1169 1763 1205 1829 ἐν
1228 1765 1340 1847 ψήφῳ
1363 1762 1470 1846 λέγειν
1495 1762 1498 1851 )
1523 1762 1586 1828 τόν

312 1868 423 1951 ζῶντα
457 1868 490 1935 ό’
523 1869 637 1952 ἀλγεῖν
661 1870 726 1955 χρὴ
755 1873 859 1955 τύχης
887 1871 1150 1954 παλιγκότου.
1197 1872 1255 1955 Ag.
1283 1873 1348 1937 868
1377 1870 1470 1960 (827)
1497 1873 1584 1938 trim.

310 1982 527 2059 γυναῖκα...
551 1976 685 2060 πολλὰς
707 1977 880 2045 κλύουσαν
902 1978 1073 2063 κληόόνας
1096 1978 1389 2061 παλιγκότους.
1424 1978 1501 2045 ibid.
1521 1981 1585 2042 874

311 2083 403 2169 (888)
420 2086 505 2152 trim.
534 2085 668 2152 τοιῶνδ’
693 2085 785 2152 ἕκατι
808 2086 988 2170 κληδόνων
1003 2085 1271 2168 παλιγκότων.
1310 2087 1421 2169 Eurip.
1441 2087 1502 2168 irg.
1521 2087 1584 2149 572

311 2193 395 2257 trim.
422 2191 457 2257 ἓν
475 2193 544 2258 ἐστι
559 2194 701 2260 πάντων
716 2198 856 2278 πρῶτον
872 2193 997 2260 είόόναι
1011 2196 1115 2275 τουτί,
1134 2193 1138 2283 Ι
1158 2196 1273 2278 φέρειν
1287 2192 1331 2288 τὰ
1348 2195 1585 2275 συμπίπτοντα

311 2297 358 2381 ph
382 2297 649 2382 παλιγκότως.
684 2303 732 2367 Ex
752 2302 802 2368 his
818 2303 1013 2370 testimoniis
1030 2304 1121 2386 quasi
1139 2303 1244 2369 elucet
1258 2321 1367 2370 rocem
1383 2298 1593 2382 παλίγκοτος

309 2409 343 2473 in
367 2407 535 2490 tragoedia
557 2408 747 2491 simpliciter
773 2410 1094 2492 „adversarium
1120 2409 1311 2493 significare.

416 2514 597 2581 Atticorum
632 2517 772 2582 sermoni
806 2516 959 2583 familiari
994 2539 1055 2584 vox
1078 2520 1190 2600 ignota
1212 2517 1312 2583 foisse
1335 2516 1477 2595 videtur3
1513 2534 1587 2580 nam

312 2622 477 2705 Aristoph.
489 2623 563 2690 Pae.
577 2625 641 2690 390
665 2624 711 2708 μὴ
728 2625 807 2709 γένῃ
822 2622 1075 2707 παλίγκοτος
1092 2623 1326 2710 ἀντιβολοῦσιν
1341 2625 1425 2708 ἡμῖν
1440 2623 1473 2689 in
1490 2623 1587 2689 choro

311 2730 391 2796 dicit
420 2736 453 2796 et
476 2732 639 2813 Antiphon
663 2732 810 2816 sophista
832 2732 893 2816 frg.
914 2736 973 2799 131
1001 2734 1117 2817 (Blass
1146 2753 1178 2816 p.
1199 2735 1270 2798 143.
1290 2733 1323 2813 2)
1350 2733 1433 2815 φέρε
1456 2728 1509 2813 όν),
1540 2729 1588 2812 μὴ

311 2834 353 2901 τό
382 2835 611 2919 παλίγκοτα
633 2836 785 2923 λέγωμεν
812 2842 910 2907 etiam
938 2842 1020 2908 alias
1047 2860 1143 2908 voces
1171 2842 1211 2908 ab
1235 2841 1416 2906 Atticorum
1441 2855 1590 2905 sermone

313 2944 436 3011 alienas
461 2943 708 3030 (ἀπαρτιλογία,
734 2946 902 3031 ἀμαυρός)
926 2950 1064 3016 exhibet.

420 3052 468 3117 Ex
490 3054 596 3135 poetis
619 3056 851 3123 vetustioribus
875 3057 975 3123 habet

417 3160 536 3227 Archii.
554 3160 614 3244 frg.
632 3164 684 3229 87.
702 3165 721 3228 2

615 3268 699 3351 όρᾷς
723 3269 764 3334 ἵν’
790 3267 858 3335 ἕατ’
882 3268 1012 3350 ἐκεῖνος
1034 3267 1172 3352 ὑψηλός
1194 3270 1304 3351 πάγος

613 3376 739 3459 τριγχός
761 3396 799 3441 τε
821 3377 879 3442 καί
900 3376 1159 3459 παλίγκοτος.

418 3481 549 3566 Sappho
572 3481 632 3565 hg.
652 3484 693 3547 72
720 3486 831 3567 (etym.
847 3504 954 3567 magn.
973 3489 1002 3553 2.
1016 3485 1074 3569 43)

634 3588 722 3657 ἀλλά
745 3610 797 3673 τις
820 3592 883 3657 οὐκ
906 3590 986 3676 ἔμμι
1008 3592 1273 3675 παλιγκότων

633 3696 746 3783 όργαν,
772 3697 846 3767 ἀλλ’
872 3698 1005 3783 ἀβόκην
1027 3700 1091 3767 τὰν
1115 3701 1209 3784 φρέν’
1234 3699 1311 3783 ἔχω.

419 3805 510 3871 Pind.
528 3805 619 3873 Nem.
633 3805 688 3873 IV.
702 3808 744 3871 96

632 3911 857 3996 parentoso
882 3916 1039 3998 φρονέων
1063 3911 1185 3995 ἐσλοῖς,

633 4020 759 4104 τροχός
783 4018 820 4086 ἀὲ
843 4019 1111 4103 παλιγκότοις
1133 4018 1288 4105 ἔφεδρος.

444 4128 488 4195 id.
532 4127 582 4194 Ol.
598 4128 639 4194 ΙΙ.
655 4131 697 4195 20

633 4240 731 4320 πῆμα
754 4234 897 4320 θνᾴσκει
919 4234 1126 4319 παλίγκοτον
1149 4234 1338 4319 όαμασιλόν.

317 4391 528 4401 ...ψη-...-

425 4486 449 4557 1)
476 4484 521 4542 1)ο
543 4486 631 4541 forma
653 4484 806 4542 recentiore
828 4492 989 4559 μεταίχμιος
1007 4489 1035 4542 et
1052 4490 1216 4559 parhippum
1234 4484 1354 4559 Hesyoh.
1372 4484 1407 4543 oi.
1427 4482 1537 4540 Loberk
1555 4484 1592 4540 nd

318 4572 421 4643 Pbryn.
440 4590 467 4644 p.
482 4577 533 4631 194
542 4591 582 4645 sq.
