3475 5250
132 3838 137 3854 ι
266 3884 380 3952 Akte.

794 361 1015 424 ..92-

262 533 373 622 ληιόνι
407 557 527 622 „rupes
556 539 590 606 in
614 558 703 606 mare
727 539 935 624 prominens“
959 562 980 606 ν
1002 541 1046 607 98
1081 541 1123 608 de
1146 544 1245 624 portu
1268 539 1390 608 dicim
1419 538 1482 608 too
1507 538 1546 607 dd

262 644 456 730 προβλῆτες
490 647 527 714 ἐν
562 647 656 731 αὐτῷ
693 646 814 716 dcccl
849 647 1061 732 ἀπορρῶγες,
1095 646 1234 732 λιμένος
1267 651 1545 732 ποσιιοειυυηυῑοι.

228 752 233 760 “
263 753 420 821 Similiter
442 754 476 822 ll
500 756 576 837 284,
600 777 622 820 κ
645 758 698 838 89,
725 757 798 836 140,
822 756 853 822 l1.
874 756 980 839 Apoll.
1006 759 1060 823 24.
1106 755 1281 840 odysseus,
1305 775 1377 822 cum
1399 755 1545 823 Ithacam

262 862 418 946 appellat,
442 863 626 947 interrogat
640 886 662 928 ν
680 865 754 945 234,
781 884 857 932 num
873 865 981 932 insula
1003 865 1048 932 sit
1063 883 1104 930 an
1129 862 1233 947 ἀκοὴ
1248 861 1338 930 asid‘
1365 860 1424 928 ἁλί
1437 861 1545 930 sarm

262 969 349 1054 μενη
372 967 583 1054 ἐριβώλακος
605 971 760 1056 ἠπείροιο
777 973 1023 1056 „paeninsulas
1069 972 1123 1040 Sic
1145 977 1182 1038 et
1204 992 1223 1038 o
1241 973 1285 1037 88
1301 975 1445 1038 extreme
1465 989 1545 1055 pars

264 1077 397 1144 Ithacae
421 1083 530 1146 estet
554 1080 665 1146 osus
701 1080 762 1146 bec
785 1099 862 1149 voca
891 1081 976 1150 situs
1008 1081 1100 1148 urbis
1122 1079 1235 1147 Nerici
1256 1078 1463 1147 describitur.
1508 1078 1546 1144 In

262 1185 449 1268 universum
473 1192 581 1256 autem
605 1188 711 1254 ardua
730 1207 811 1256 saxa
834 1189 866 1255 in
890 1207 981 1256 mare
996 1187 1214 1273 prominentia
1237 1192 1315 1254 sunt
1336 1188 1446 1268 ⁶405,
1471 1187 1546 1266 425,

271 1291 390 1379 bras,
413 1297 509 1377 all,
535 1297 635 1378 aaa,
660 1294 784 1380 Raso,
813 1295 910 1379 Υ50,
937 1298 1031 1380 aaa,
1058 1299 1132 1378 151,
1156 1293 1548 1378 h.Vll.dnequsaliter

263 1402 491 1486 interpreteris
522 1401 621 1485 Σ68,
659 1400 746 1470 Ω97
784 1404 824 1472 de
858 1406 921 1482 dis,
956 1406 1012 1489 qui
1045 1404 1129 1471 mari
1163 1403 1375 1470 ascendeutes
1410 1399 1548 1484 ,ἀκοὴν

263 1507 560 1594 είσανσβσίνουσί.
604 1511 730 1579 Dubius
771 1518 881 1580 autem
910 1513 1000 1580 locus
1034 1517 1087 1580 est
1119 1533 1141 1577 ιι
1157 1513 1222 1576 599
1257 1508 1336 1576 ἐνθ’
1374 1508 1474 1594 ἀκτή
1510 1527 1548 1574 τε

263 1615 382 1701 λάχεια
409 1615 598 1684 acidiora
621 1615 892 1702 Περσεφονείης.
934 1618 974 1686 Id
995 1638 1073 1688 vero
1097 1620 1271 1687 tenendum
1295 1623 1360 1686 est:
1386 1617 1471 1702 ἀιισή
1494 1617 1549 1684 uix

264 1745 327 1792 nno
363 1725 435 1794 loco
473 1726 675 1810 „quamlibet
710 1745 800 1794 oram
834 1727 967 1809 maris“‚
1005 1728 1092 1811 quod
1125 1727 1227 1794 uoluit
1254 1726 1456 1809 Ebelingius,
1490 1725 1550 1793 sed

253 1837 372 1900 'terrae
396 1839 523 1916 partem
547 1853 698 1903 saxosum
723 1840 756 1902 et
779 1835 813 1900 in
837 1853 927 1902 mare
950 1836 1187 1918 prominentem
1209 1832 1381 1918 siguificat

370 1941 505 2009 Praeter
527 1942 705 2011 Homerum
726 1943 858 2010 nomina
881 1943 1016 2025 propria
1050 1944 1137 2010 iuter
1159 1942 1401 2010 vetustissimae
1424 1941 1545 2008 astaus

263 2050 456 2116 documenta
478 2052 624 2134 putanda
646 2056 735 2132 suut,
770 2068 873 2134 quaro
898 2051 1118 2135 congessimus
1154 2070 1193 2118 ea
1223 2069 1307 2134 quae
1343 2049 1378 2116 in
1401 2054 1549 2116 nostram

264 2158 488 2240 quaestionem
513 2159 642 2226 cadant
654 2158 679 2242 ¹)

374 2267 402 2331 l.
433 2261 532 2348 Ἃιισὴ
556 2265 785 2349 appellabatur
807 2265 1000 2352 paeninsula
1015 2265 1124 2334 Piraei
1146 2265 1181 2332 iu
1196 2264 1397 2332 occidentem
1419 2267 1548 2345 partem

264 2377 417 2454 spectans
451 2377 537 2440 teste
560 2373 821 2458 Harpocratione
857 2373 899 2440 al.
946 2371 1044 2440 emus
1079 2374 1119 2441 dc
1155 2374 1221 2440 situ
1256 2372 1325 2456 egit
1353 2370 1388 2440 0.
1413 2369 1548 2438 Wachs-

264 2479 367 2561 mutb,
393 2480 423 2547 d.
449 2479 733 2563 sursumsunt
759 2501 789 2565 p.
815 2484 892 2562 317,
916 2481 1113 2550 mentionem
1142 2480 1221 2548 iacit
1243 2479 1397 2548 Dinarcla
1422 2478 1483 2546 III.
1509 2479 1550 2543 l8

265 2594 299 2657 et
322 2587 459 2674 Lycurg.
489 2590 523 2658 iu
548 2590 660 2660 Leocr.
687 2593 740 2673 17,
767 2590 819 2672 55,
842 2589 900 2658 nbi
923 2608 984 2658 uox
1012 2589 1187 2673 acapitali
1209 2589 1323 2656 littera
1343 2582 1445 2671 Ἀκνη
1468 2587 1548 2655 scri·

264 2698 372 2765 benda
411 2703 472 2765 est.
532 2699 641 2767 Etiam
679 2699 844 2767 oraculum
883 2718 934 2782 ap.
978 2698 1098 2766 Herod.
1132 2697 1219 2764 VIIL
1257 2701 1297 2763 77
1346 2694 1427 2762 ἀλλ’
1467 2693 1553 2761 ὅταν

171 2816 176 2827 ’
267 2802 460 2889 Ἀρτέμιδος
479 2806 677 2891 χρυσαόρου
705 2805 797 2889 ἱερὸν
823 2803 942 2889 Ἀκτὴν
962 2805 1064 2890 νηυσί
1078 2806 1307 2890 γεφυρώσωσι
1329 2804 1388 2869 καί
1411 2800 1553 2885 ἐνσλίην

265 2908 491 2997 Κυνόσουραν
524 2914 567 2981 ad
601 2915 684 2981 banc
718 2914 942 2998 paeninsulam
977 2916 1130 2998 pertinet,
1167 2914 1259 2980 cuius
1294 2931 1332 2980 ex
1365 2911 1552 2993 lapicidinis
1596 2995 1598 2998 .

264 3022 416 3103 provenit
452 3020 591 3105 ἀνιείσης
625 3019 736 3102 λίθος.
790 3022 882 3102 Quod
916 3027 1025 3089 autem
1061 3022 1260 3088 contendunt
1296 3019 1441 3086 Atticam
1474 3018 1552 3086 olim

265 3128 464 3210 appellatam
500 3147 572 3196 esse
602 3126 722 3212 Ἀιισήν
756 3129 807 3196 uel
846 3127 1011 3212 Ἃιιοιιιην,
1047 3130 1177 3195 ductum
1212 3132 1263 3195 est
1298 3147 1336 3194 ex
1370 3126 1551 3209 veriloquio

269 3233 398 3319 Ἀσιιιιη
422 3232 583 3319 *Hastam
618 3237 704 3319 quod
734 3237 796 3303 etsi
824 3236 1021 3303 Prellwitzio
1044 3236 1079 3302 iu
1101 3237 1161 3303 lex.
1188 3241 1285 3320 etym.
1310 3234 1550 3317 comprobatur,

266 3349 375 3411 tamen
399 3363 554 3412 sonorum
577 3344 699 3411 rationi
723 3363 838 3427 parum
861 3343 1033 3413 satisfacit.

375 3453 405 3520 2.
431 3451 497 3521 Ora
519 3453 736 3536 Peloponnesi
764 3454 852 3521 inter
875 3452 1074 3536 Epidaurum
1099 3455 1133 3519 et
1157 3451 1362 3534 Troezeoem‚
1397 3466 1456 3519 seu
1477 3449 1552 3532 ipsa

267 3579 326 3627 ora
349 3578 407 3629 seu
422 3562 616 3647 paeninsula
630 3561 786 3631 Methana
808 3561 853 3627 ibi
879 3561 943 3627 sita
959 3561 1135 3629 vocabatur
1160 3558 1245 3644 ἀκοή
1271 3556 1310 3626 cf.
1327 3557 1446 3628 Strabo
1462 3556 1551 3625 VIII.

269 3671 333 3736 388
350 3669 417 3752 iim,
442 3671 528 3739 Plnt.
554 3672 644 3739 Dem.
670 3673 723 3752 25,
748 3669 860 3755 Polyb.
886 3671 917 3737 5.
934 3671 986 3735 91.
1005 3671 1037 3737 8.

374 3778 404 3847 3.
429 3778 628 3847 Paeninsula
650 3776 864 3860 Chalcidicae,
891 3795 974 3861 quae
998 3776 1084 3843 Atho
1107 3779 1218 3843 monte
1240 3774 1380 3856 excellit,
1415 3778 1550 3841 uocatur

375 4014 405 4078 4.
429 4012 467 4079 In
502 4012 694 4095 paeninsula
729 4011 900 4095 Magnesia
934 4011 1090 4077 adoratur
1130 4004 1308 4075 Ἀπόλλων
1330 4003 1467 4086 Ἄννιος
1500 4004 1552 4073 uel

277 4116 467 4202 Ἐσάιισιος,
503 4120 592 4187 velut
618 4120 804 4188 Herodotus
845 4123 1023 4185 extremam
1057 4118 1144 4183 illius
1178 4115 1390 4199 paeninsulas
1424 4121 1552 4199 partem

272 4234 368 4296 vocat
390 4225 525 4312 Σηπιὰς
548 4226 644 4311 dard,
669 4226 708 4293 cl.
734 4226 845 4309 Steph.
870 4226 957 4310 Byr,
980 4225 1101 4291 Herod.
1125 4224 1195 4291 Vll.
1222 4225 1296 4305 183,
1324 4226 1397 4306 188,
1425 4226 1498 4290 191..

376 4337 406 4403 5.
432 4337 590 4405 Actium
614 4334 693 4401 urbs
716 4354 819 4418 prope
842 4333 1048 4401 Ambraciam
1071 4333 1138 4400 sita
1159 4336 1238 4399 nota
1262 4336 1324 4399 est.

270 4482 481 4491 ————-—-

376 4586 399 4654 ¹)
418 4584 459 4639 Ol.
472 4584 713 4655 Pauly-Hismara,
726 4582 903 4654 Rsalencyol.
915 4600 936 4637 s.
949 4598 976 4637 v.
989 4580 1071 4653 stu,
1082 4579 1310 4652 Papa-Bunssler‚
1328 4580 1393 4635 Lex.
1407 4578 1434 4634 d.
1447 4576 1552 4648 griscb.

270 4674 467 4743 Higenuamcn.
