<?xml version="1.0" encoding="UTF-8"?>
<!DOCTYPE html PUBLIC "-//W3C//DTD XHTML 1.0 Transitional//EN"
    "http://www.w3.org/TR/xhtml1/DTD/xhtml1-transitional.dtd">
<html xmlns="http://www.w3.org/1999/xhtml" xml:lang="en" lang="en">
 <head>
  <title>
</title>
<meta http-equiv="Content-Type" content="text/html;charset=utf-8" />
  <meta name='ocr-system' content='tesseract 3.04.00' />
  <meta name='ocr-capabilities' content='ocr_page ocr_carea ocr_par ocr_line ocrx_word'/>
</head>
<body>
  <div class='ocr_page' id='page_1' title='image "./deaeschylicopia02alygoog_0066.png"; bbox 0 0 3475 5250; ppageno 0'>
   <div class='ocr_carea' id='block_1_1' title="bbox 849 271 1070 336">
    <p class='ocr_par' dir='ltr' id='par_1_1' title="bbox 849 271 1070 336">
     <span class='ocr_line' id='line_1_1' title="bbox 849 271 1070 336; baseline -0.009 -17"><span class='ocrx_word' id='word_1_1' title='bbox 849 271 1070 336; x_wconf 67' lang='lat'>...56-</span> 
     </span>
    </p>
   </div>
   <div class='ocr_carea' id='block_1_2' title="bbox 314 445 1711 642">
    <p class='ocr_par' dir='ltr' id='par_1_2' title="bbox 314 420 1711 642">
     <span class='ocr_line' id='line_1_2' title="bbox 315 445 1600 535; baseline 0.004 -21"><span class='ocrx_word' id='word_1_2' title='bbox 315 449 409 531; x_wconf 75' lang='lat'><strong>(296)</strong></span> <span class='ocrx_word' id='word_1_3' title='bbox 434 449 519 516; x_wconf 93' lang='lat' dir='ltr'>trim.</span> <span class='ocrx_word' id='word_1_4' title='bbox 543 445 744 531; x_wconf 77' lang='grc' dir='ltr'><strong><em>Ἀραχναῖον</em></strong></span> <span class='ocrx_word' id='word_1_5' title='bbox 761 449 886 532; x_wconf 90' lang='grc' dir='ltr'><strong><em>αἶπος</em></strong></span> <span class='ocrx_word' id='word_1_6' title='bbox 893 472 904 532; x_wconf 88' lang='grc'><em>;</em></span> <span class='ocrx_word' id='word_1_7' title='bbox 928 449 1120 532; x_wconf 81' lang='grc' dir='ltr'><strong><em>8ορ1.οο0.</em></strong></span> <span class='ocrx_word' id='word_1_8' title='bbox 1142 455 1204 535; x_wconf 85' lang='lat' dir='ltr'>tyr.</span> <span class='ocrx_word' id='word_1_9' title='bbox 1222 451 1286 517; x_wconf 80' lang='lat'>877</span> <span class='ocrx_word' id='word_1_10' title='bbox 1304 451 1390 517; x_wconf 89' lang='lat' dir='ltr'>chor.</span> <span class='ocrx_word' id='word_1_11' title='bbox 1408 449 1600 534; x_wconf 79' lang='grc' dir='ltr'><strong><em>ἀκρότατον</em></strong></span> 
     </span>
     <span class='ocr_line' id='line_1_3' title="bbox 314 553 1711 642; baseline 0.001 -20"><span class='ocrx_word' id='word_1_12' title='bbox 314 555 509 640; x_wconf 85' lang='grc' dir='ltr'><strong><em>εἶσαναβᾶσ’</em></strong></span> <span class='ocrx_word' id='word_1_13' title='bbox 535 556 666 637; x_wconf 95' lang='grc' dir='ltr'><strong><em>αἶπος</em></strong></span> <span class='ocrx_word' id='word_1_14' title='bbox 689 553 886 640; x_wconf 73' lang='grc' dir='ltr'><strong><em>ἀπόνομονς</em></strong></span> <span class='ocrx_word' id='word_1_15' title='bbox 910 557 1023 642; x_wconf 87' lang='lat' dir='ltr'>Eurip.</span> <span class='ocrx_word' id='word_1_16' title='bbox 1048 558 1116 625; x_wconf 86' lang='lat' dir='ltr'>Alc.</span> <span class='ocrx_word' id='word_1_17' title='bbox 1143 561 1208 626; x_wconf 83' lang='grc'>500</span> <span class='ocrx_word' id='word_1_18' title='bbox 1237 559 1323 625; x_wconf 93' lang='lat' dir='ltr'>trim.</span> <span class='ocrx_word' id='word_1_19' title='bbox 1360 557 1448 642; x_wconf 87' lang='grc' dir='ltr'><strong><em>πρὸς</em></strong></span> <span class='ocrx_word' id='word_1_20' title='bbox 1472 559 1601 640; x_wconf 91' lang='grc' dir='ltr'><strong><em>αἶπος</em></strong></span> <span class='ocrx_word' id='word_1_21' title='bbox 1710 570 1711 577; x_wconf 77' lang='grc'>’</span> 
     </span>
    </p>
   </div>
   <div class='ocr_carea' id='block_1_3' title="bbox 225 663 1603 2260">
    <p class='ocr_par' dir='ltr' id='par_1_3' title="bbox 313 663 1601 1183">
     <span class='ocr_line' id='line_1_4' title="bbox 313 663 1599 750; baseline 0.002 -19"><span class='ocrx_word' id='word_1_22' title='bbox 313 663 455 748; x_wconf 75' lang='grc' dir='ltr'>ἔρχεται,</span> <span class='ocrx_word' id='word_1_23' title='bbox 487 665 607 731; x_wconf 93' lang='lat' dir='ltr'>Phoen.</span> <span class='ocrx_word' id='word_1_24' title='bbox 634 666 697 730; x_wconf 85' lang='lat'>851</span> <span class='ocrx_word' id='word_1_25' title='bbox 724 665 809 730; x_wconf 91' lang='lat' dir='ltr'>trim.</span> <span class='ocrx_word' id='word_1_26' title='bbox 836 665 963 747; x_wconf 91' lang='grc' dir='ltr'><strong><em>αἶπος</em></strong></span> <span class='ocrx_word' id='word_1_27' title='bbox 987 664 1145 750; x_wconf 80' lang='grc' dir='ltr'><strong><em>ἐκβαλὼν</em></strong></span> <span class='ocrx_word' id='word_1_28' title='bbox 1168 665 1263 749; x_wconf 77' lang='lat' dir='ltr'>otoo,</span> <span class='ocrx_word' id='word_1_29' title='bbox 1290 665 1329 733; x_wconf 83' lang='lat' dir='ltr'>cl.</span> <span class='ocrx_word' id='word_1_30' title='bbox 1360 666 1497 750; x_wconf 87' lang='lat' dir='ltr'>Hesych.</span> <span class='ocrx_word' id='word_1_31' title='bbox 1525 687 1550 732; x_wconf 92' lang='lat' dir='ltr'>s.</span> <span class='ocrx_word' id='word_1_32' title='bbox 1568 687 1599 734; x_wconf 79' lang='lat' dir='ltr'>v.</span> 
     </span>
     <span class='ocr_line' id='line_1_5' title="bbox 314 770 1601 858; baseline 0.002 -21"><span class='ocrx_word' id='word_1_33' title='bbox 314 772 427 854; x_wconf 80' lang='grc' dir='ltr'><strong><em>αἶπος·</em></strong></span> <span class='ocrx_word' id='word_1_34' title='bbox 453 771 608 855; x_wconf 77' lang='grc' dir='ltr'><strong><em>κάματος</em></strong></span> <span class='ocrx_word' id='word_1_35' title='bbox 630 770 651 855; x_wconf 85' lang='grc' dir='ltr'><strong><em>ἢ</em></strong></span> <span class='ocrx_word' id='word_1_36' title='bbox 677 770 815 855; x_wconf 79' lang='grc' dir='ltr'><strong><em>ὑψηλὸς</em></strong></span> <span class='ocrx_word' id='word_1_37' title='bbox 843 771 952 855; x_wconf 82' lang='grc' dir='ltr'><strong><em>τόπος</em></strong></span> <span class='ocrx_word' id='word_1_38' title='bbox 979 772 1003 858; x_wconf 80' lang='grc' dir='ltr'><em>ἢ</em></span> <span class='ocrx_word' id='word_1_39' title='bbox 1027 773 1175 858; x_wconf 81' lang='grc' dir='ltr'><strong><em>ὑλώδης.</em></strong></span> <span class='ocrx_word' id='word_1_40' title='bbox 1223 776 1283 842; x_wconf 86' lang='lat' dir='ltr'>Est</span> <span class='ocrx_word' id='word_1_41' title='bbox 1305 775 1406 857; x_wconf 86' lang='lat' dir='ltr'>igitur</span> <span class='ocrx_word' id='word_1_42' title='bbox 1429 773 1470 840; x_wconf 78' lang='grc' dir='ltr'>τὸ</span> <span class='ocrx_word' id='word_1_43' title='bbox 1494 775 1601 856; x_wconf 82' lang='grc' dir='ltr'><strong><em>αἶπος</em></strong></span> 
     </span>
     <span class='ocr_line' id='line_1_6' title="bbox 313 880 1600 968; baseline 0.002 -23"><span class='ocrx_word' id='word_1_44' title='bbox 313 880 345 945; x_wconf 94' lang='lat' dir='ltr'>in</span> <span class='ocrx_word' id='word_1_45' title='bbox 370 881 541 963; x_wconf 81' lang='lat' dir='ltr'>tragoedia</span> <span class='ocrx_word' id='word_1_46' title='bbox 565 885 711 962; x_wconf 83' lang='lat' dir='ltr'>„mons“‚</span> <span class='ocrx_word' id='word_1_47' title='bbox 749 880 870 946; x_wconf 82' lang='lat' dir='ltr'>trolote</span> <span class='ocrx_word' id='word_1_48' title='bbox 895 881 1016 948; x_wconf 91' lang='lat' dir='ltr'>dictum</span> <span class='ocrx_word' id='word_1_49' title='bbox 1041 883 1082 950; x_wconf 88' lang='lat' dir='ltr'>ab</span> <span class='ocrx_word' id='word_1_50' title='bbox 1106 883 1262 968; x_wconf 83' lang='lat' dir='ltr'>Euripide</span> <span class='ocrx_word' id='word_1_51' title='bbox 1293 883 1333 950; x_wconf 92' lang='lat' dir='ltr'>de</span> <span class='ocrx_word' id='word_1_52' title='bbox 1368 884 1600 966; x_wconf 90' lang='lat' dir='ltr'>impedimento</span> 
     </span>
     <span class='ocr_line' id='line_1_7' title="bbox 314 988 1601 1074; baseline 0.002 -21"><span class='ocrx_word' id='word_1_53' title='bbox 314 992 412 1071; x_wconf 90' lang='lat' dir='ltr'>atquc</span> <span class='ocrx_word' id='word_1_54' title='bbox 449 1005 541 1055; x_wconf 91' lang='lat' dir='ltr'>mora</span> <span class='ocrx_word' id='word_1_55' title='bbox 575 988 657 1055; x_wconf 89' lang='lat' dir='ltr'>viae.</span> <span class='ocrx_word' id='word_1_56' title='bbox 704 989 857 1055; x_wconf 84' lang='lat' dir='ltr'>Fortasse</span> <span class='ocrx_word' id='word_1_57' title='bbox 895 990 994 1056; x_wconf 88' lang='lat' dir='ltr'>etiam</span> <span class='ocrx_word' id='word_1_58' title='bbox 1017 989 1157 1057; x_wconf 87' lang='lat' dir='ltr'>Nauohii</span> <span class='ocrx_word' id='word_1_59' title='bbox 1189 989 1249 1072; x_wconf 88' lang='lat' dir='ltr'>lrg.</span> <span class='ocrx_word' id='word_1_60' title='bbox 1275 991 1386 1072; x_wconf 89' lang='lat' dir='ltr'>adesp.</span> <span class='ocrx_word' id='word_1_61' title='bbox 1412 993 1478 1056; x_wconf 83' lang='grc'>468</span> <span class='ocrx_word' id='word_1_62' title='bbox 1514 992 1601 1074; x_wconf 88' lang='lat' dir='ltr'>apud</span> 
     </span>
     <span class='ocr_line' id='line_1_8' title="bbox 313 1093 1412 1183; baseline 0.003 -21"><span class='ocrx_word' id='word_1_63' title='bbox 313 1094 425 1180; x_wconf 86' lang='lat' dir='ltr'>Steph.</span> <span class='ocrx_word' id='word_1_64' title='bbox 451 1097 525 1179; x_wconf 84' lang='lat' dir='ltr'>Byn.</span> <span class='ocrx_word' id='word_1_65' title='bbox 550 1093 727 1179; x_wconf 84' lang='grc' dir='ltr'><strong><em>Βαρκαῖον</em></strong></span> <span class='ocrx_word' id='word_1_66' title='bbox 752 1095 856 1178; x_wconf 87' lang='grc' dir='ltr'><strong><em>αἶπος</em></strong></span> <span class='ocrx_word' id='word_1_67' title='bbox 879 1102 968 1165; x_wconf 87' lang='lat' dir='ltr'>recte</span> <span class='ocrx_word' id='word_1_68' title='bbox 992 1100 1182 1183; x_wconf 81' lang='lat' dir='ltr'>tragoediae</span> <span class='ocrx_word' id='word_1_69' title='bbox 1207 1097 1412 1165; x_wconf 79' lang='lat' dir='ltr'>attribuitur.</span> 
     </span>
    </p>

    <p class='ocr_par' dir='ltr' id='par_1_4' title="bbox 225 1204 1603 2154">
     <span class='ocr_line' id='line_1_9' title="bbox 419 1204 1599 1290; baseline 0.003 -21"><span class='ocrx_word' id='word_1_70' title='bbox 419 1204 509 1269; x_wconf 86' lang='lat' dir='ltr'>Haec</span> <span class='ocrx_word' id='word_1_71' title='bbox 532 1223 593 1270; x_wconf 88' lang='lat' dir='ltr'>vox</span> <span class='ocrx_word' id='word_1_72' title='bbox 616 1204 650 1269; x_wconf 96' lang='lat' dir='ltr'>in</span> <span class='ocrx_word' id='word_1_73' title='bbox 678 1204 824 1287; x_wconf 86' lang='lat' dir='ltr'>pedestri</span> <span class='ocrx_word' id='word_1_74' title='bbox 853 1215 1001 1271; x_wconf 84' lang='lat' dir='ltr'>sermone</span> <span class='ocrx_word' id='word_1_75' title='bbox 1037 1208 1123 1289; x_wconf 93' lang='lat' dir='ltr'>apud</span> <span class='ocrx_word' id='word_1_76' title='bbox 1148 1207 1254 1274; x_wconf 90' lang='lat' dir='ltr'>solum</span> <span class='ocrx_word' id='word_1_77' title='bbox 1277 1206 1511 1290; x_wconf 84' lang='lat' dir='ltr'>Hippocratem</span> <span class='ocrx_word' id='word_1_78' title='bbox 1548 1226 1599 1272; x_wconf 92' lang='lat' dir='ltr'>rc·</span> 
     </span>
     <span class='ocr_line' id='line_1_10' title="bbox 311 1310 1600 1399; baseline 0.001 -21"><span class='ocrx_word' id='word_1_79' title='bbox 311 1312 450 1395; x_wconf 89' lang='lat' dir='ltr'>peritur,</span> <span class='ocrx_word' id='word_1_80' title='bbox 482 1311 533 1378; x_wconf 91' lang='lat' dir='ltr'>oui</span> <span class='ocrx_word' id='word_1_81' title='bbox 558 1312 680 1378; x_wconf 87' lang='lat' dir='ltr'>usitata</span> <span class='ocrx_word' id='word_1_82' title='bbox 704 1316 754 1378; x_wconf 90' lang='lat' dir='ltr'>est</span> <span class='ocrx_word' id='word_1_83' title='bbox 777 1310 916 1379; x_wconf 86' lang='lat' dir='ltr'>formula</span> <span class='ocrx_word' id='word_1_84' title='bbox 939 1311 1029 1398; x_wconf 87' lang='grc' dir='ltr'><strong><em>πρὸς</em></strong></span> <span class='ocrx_word' id='word_1_85' title='bbox 1045 1313 1150 1397; x_wconf 87' lang='grc' dir='ltr'><strong><em>αἶπος</em></strong></span> <span class='ocrx_word' id='word_1_86' title='bbox 1165 1313 1295 1399; x_wconf 83' lang='grc' dir='ltr'><strong><em>βαίνειν</em></strong></span> <span class='ocrx_word' id='word_1_87' title='bbox 1319 1333 1377 1382; x_wconf 90' lang='lat' dir='ltr'>scu</span> <span class='ocrx_word' id='word_1_88' title='bbox 1402 1312 1600 1396; x_wconf 79' lang='grc' dir='ltr'><strong><em>ὁδοιπορεῖν</em></strong></span> 
     </span>
     <span class='ocr_line' id='line_1_11' title="bbox 314 1419 1601 1507; baseline 0 -20"><span class='ocrx_word' id='word_1_89' title='bbox 314 1439 372 1488; x_wconf 91' lang='lat' dir='ltr'>seu</span> <span class='ocrx_word' id='word_1_90' title='bbox 396 1421 468 1486; x_wconf 91' lang='lat' dir='ltr'>sim.</span> <span class='ocrx_word' id='word_1_91' title='bbox 508 1420 560 1500; x_wconf 86' lang='lat' dir='ltr'>„in</span> <span class='ocrx_word' id='word_1_92' title='bbox 583 1423 726 1486; x_wconf 91' lang='lat' dir='ltr'>montem</span> <span class='ocrx_word' id='word_1_93' title='bbox 751 1421 961 1504; x_wconf 84' lang='lat' dir='ltr'>ascendere“‚</span> <span class='ocrx_word' id='word_1_94' title='bbox 985 1422 1074 1489; x_wconf 86' lang='lat' dir='ltr'>uelut</span> <span class='ocrx_word' id='word_1_95' title='bbox 1097 1439 1133 1490; x_wconf 90' lang='grc' dir='ltr'><strong><em>π.</em></strong></span> <span class='ocrx_word' id='word_1_96' title='bbox 1157 1441 1254 1488; x_wconf 89' lang='grc' dir='ltr'><strong><em>νοοο.</em></strong></span> <span class='ocrx_word' id='word_1_97' title='bbox 1277 1419 1310 1506; x_wconf 79' lang='grc' dir='ltr'>β’</span> <span class='ocrx_word' id='word_1_98' title='bbox 1333 1424 1386 1507; x_wconf 84' lang='grc'>51,</span> <span class='ocrx_word' id='word_1_99' title='bbox 1405 1423 1457 1505; x_wconf 78' lang='lat'>52,</span> <span class='ocrx_word' id='word_1_100' title='bbox 1475 1425 1529 1505; x_wconf 80' lang='grc'>70,</span> <span class='ocrx_word' id='word_1_101' title='bbox 1564 1433 1601 1487; x_wconf 88' lang='grc' dir='ltr'><strong><em>π.</em></strong></span> 
     </span>
     <span class='ocr_line' id='line_1_12' title="bbox 225 1525 1598 1613; baseline 0 -19"><span class='ocrx_word' id='word_1_102' title='bbox 225 1601 228 1606; x_wconf 58' lang='grc'>,</span> <span class='ocrx_word' id='word_1_103' title='bbox 314 1526 413 1609; x_wconf 78' lang='grc' dir='ltr'><strong><em>ἐντὸς</em></strong></span> <span class='ocrx_word' id='word_1_104' title='bbox 434 1525 523 1593; x_wconf 76' lang='lat' dir='ltr'>aad.</span> <span class='ocrx_word' id='word_1_105' title='bbox 548 1529 601 1608; x_wconf 83' lang='lat'>44,</span> <span class='ocrx_word' id='word_1_106' title='bbox 626 1528 661 1594; x_wconf 89' lang='lat' dir='ltr'>L.</span> <span class='ocrx_word' id='word_1_107' title='bbox 687 1528 760 1595; x_wconf 92' lang='lat' dir='ltr'>VII.</span> <span class='ocrx_word' id='word_1_108' title='bbox 787 1530 838 1610; x_wconf 82' lang='grc'>78,</span> <span class='ocrx_word' id='word_1_109' title='bbox 858 1531 912 1611; x_wconf 89' lang='grc'>80,</span> <span class='ocrx_word' id='word_1_110' title='bbox 931 1532 1006 1612; x_wconf 90' lang='grc'>106,</span> <span class='ocrx_word' id='word_1_111' title='bbox 1024 1531 1098 1596; x_wconf 76' lang='grc'><strong><em>276.</em></strong></span> <span class='ocrx_word' id='word_1_112' title='bbox 1148 1530 1228 1597; x_wconf 89' lang='lat' dir='ltr'>Turn</span> <span class='ocrx_word' id='word_1_113' title='bbox 1264 1530 1361 1613; x_wconf 91' lang='lat' dir='ltr'>plane</span> <span class='ocrx_word' id='word_1_114' title='bbox 1390 1531 1524 1596; x_wconf 85' lang='lat' dir='ltr'>evanuit</span> <span class='ocrx_word' id='word_1_115' title='bbox 1547 1549 1598 1596; x_wconf 81' lang='lat' dir='ltr'>er·</span> 
     </span>
     <span class='ocr_line' id='line_1_13' title="bbox 314 1635 1603 1721; baseline 0 -18"><span class='ocrx_word' id='word_1_116' title='bbox 314 1635 418 1720; x_wconf 84' lang='lat' dir='ltr'>ceptis</span> <span class='ocrx_word' id='word_1_117' title='bbox 441 1635 677 1703; x_wconf 86' lang='lat' dir='ltr'>recentioribus</span> <span class='ocrx_word' id='word_1_118' title='bbox 701 1637 818 1720; x_wconf 87' lang='lat' dir='ltr'>poetis,</span> <span class='ocrx_word' id='word_1_119' title='bbox 855 1637 911 1720; x_wconf 91' lang='lat' dir='ltr'>qui</span> <span class='ocrx_word' id='word_1_120' title='bbox 936 1656 1007 1704; x_wconf 90' lang='lat' dir='ltr'>eam</span> <span class='ocrx_word' id='word_1_121' title='bbox 1035 1642 1074 1705; x_wconf 93' lang='lat' dir='ltr'>ut</span> <span class='ocrx_word' id='word_1_122' title='bbox 1096 1656 1205 1704; x_wconf 87' lang='lat' dir='ltr'>raram</span> <span class='ocrx_word' id='word_1_123' title='bbox 1230 1642 1263 1705; x_wconf 92' lang='lat' dir='ltr'>et</span> <span class='ocrx_word' id='word_1_124' title='bbox 1284 1637 1451 1721; x_wconf 86' lang='lat' dir='ltr'>poeticam</span> <span class='ocrx_word' id='word_1_125' title='bbox 1486 1657 1506 1705; x_wconf 94' lang='lat' dir='ltr'>e</span> <span class='ocrx_word' id='word_1_126' title='bbox 1535 1643 1603 1703; x_wconf 85' lang='lat' dir='ltr'>tra·</span> 
     </span>
     <span class='ocr_line' id='line_1_14' title="bbox 312 1743 1601 1829; baseline -0.001 -18"><span class='ocrx_word' id='word_1_127' title='bbox 312 1745 430 1829; x_wconf 86' lang='lat' dir='ltr'>goedia</span> <span class='ocrx_word' id='word_1_128' title='bbox 452 1748 658 1827; x_wconf 85' lang='lat' dir='ltr'>receperunt.</span> <span class='ocrx_word' id='word_1_129' title='bbox 711 1743 847 1812; x_wconf 89' lang='lat' dir='ltr'>Praesto</span> <span class='ocrx_word' id='word_1_130' title='bbox 883 1750 961 1812; x_wconf 90' lang='lat' dir='ltr'>sunt</span> <span class='ocrx_word' id='word_1_131' title='bbox 983 1747 1171 1813; x_wconf 87' lang='lat' dir='ltr'>testimonia</span> <span class='ocrx_word' id='word_1_132' title='bbox 1197 1746 1231 1813; x_wconf 95' lang='lat' dir='ltr'>in</span> <span class='ocrx_word' id='word_1_133' title='bbox 1266 1745 1419 1814; x_wconf 88' lang='lat' dir='ltr'>thesauro</span> <span class='ocrx_word' id='word_1_134' title='bbox 1443 1744 1601 1828; x_wconf 86' lang='lat' dir='ltr'>Stephani</span> 
     </span>
     <span class='ocr_line' id='line_1_15' title="bbox 313 1851 1601 1938; baseline 0 -20"><span class='ocrx_word' id='word_1_135' title='bbox 313 1852 404 1919; x_wconf 84' lang='lat' dir='ltr'>velut</span> <span class='ocrx_word' id='word_1_136' title='bbox 427 1851 591 1920; x_wconf 90' lang='lat' dir='ltr'>Theocrit.</span> <span class='ocrx_word' id='word_1_137' title='bbox 614 1853 686 1918; x_wconf 85' lang='lat' dir='ltr'>VII.</span> <span class='ocrx_word' id='word_1_138' title='bbox 714 1855 787 1930; x_wconf 84' lang='lat'>148,</span> <span class='ocrx_word' id='word_1_139' title='bbox 813 1854 919 1938; x_wconf 78' lang='lat' dir='ltr'>Apoll.</span> <span class='ocrx_word' id='word_1_140' title='bbox 944 1853 1047 1921; x_wconf 86' lang='lat' dir='ltr'>Rhod.</span> <span class='ocrx_word' id='word_1_141' title='bbox 1072 1854 1116 1922; x_wconf 92' lang='lat' dir='ltr'>II.</span> <span class='ocrx_word' id='word_1_142' title='bbox 1141 1855 1217 1937; x_wconf 80' lang='lat'>505,</span> <span class='ocrx_word' id='word_1_143' title='bbox 1242 1853 1396 1922; x_wconf 83' lang='lat' dir='ltr'>Nicandr.</span> <span class='ocrx_word' id='word_1_144' title='bbox 1412 1853 1510 1921; x_wconf 87' lang='lat' dir='ltr'>Ther.</span> <span class='ocrx_word' id='word_1_145' title='bbox 1536 1855 1601 1918; x_wconf 78' lang='lat'>214</span> 
     </span>
     <span class='ocr_line' id='line_1_16' title="bbox 315 1960 1600 2049; baseline 0.002 -24"><span class='ocrx_word' id='word_1_146' title='bbox 315 1960 356 2025; x_wconf 91' lang='lat' dir='ltr'>al.</span> <span class='ocrx_word' id='word_1_147' title='bbox 404 1961 452 2027; x_wconf 83' lang='lat' dir='ltr'>llx</span> <span class='ocrx_word' id='word_1_148' title='bbox 479 1961 552 2044; x_wconf 92' lang='lat' dir='ltr'>ipso</span> <span class='ocrx_word' id='word_1_149' title='bbox 575 1961 735 2044; x_wconf 82' lang='lat' dir='ltr'>Aeschylo</span> <span class='ocrx_word' id='word_1_150' title='bbox 764 1980 835 2028; x_wconf 89' lang='lat' dir='ltr'>eam</span> <span class='ocrx_word' id='word_1_151' title='bbox 871 1962 983 2030; x_wconf 86' lang='lat' dir='ltr'>hausit</span> <span class='ocrx_word' id='word_1_152' title='bbox 1009 1961 1110 2029; x_wconf 90' lang='lat' dir='ltr'>schol.</span> <span class='ocrx_word' id='word_1_153' title='bbox 1134 1962 1249 2030; x_wconf 80' lang='lat' dir='ltr'>hesch.</span> <span class='ocrx_word' id='word_1_154' title='bbox 1273 1962 1380 2030; x_wconf 93' lang='lat' dir='ltr'>Prom.</span> <span class='ocrx_word' id='word_1_155' title='bbox 1406 1964 1472 2029; x_wconf 85' lang='grc'>830</span> <span class='ocrx_word' id='word_1_156' title='bbox 1496 1960 1600 2049; x_wconf 77' lang='grc'>(828),</span> 
     </span>
     <span class='ocr_line' id='line_1_17' title="bbox 316 2068 1147 2154; baseline 0.002 -19"><span class='ocrx_word' id='word_1_157' title='bbox 316 2087 388 2135; x_wconf 88' lang='lat' dir='ltr'>cum</span> <span class='ocrx_word' id='word_1_158' title='bbox 412 2068 591 2152; x_wconf 86' lang='lat' dir='ltr'>explicaret</span> <span class='ocrx_word' id='word_1_159' title='bbox 614 2069 823 2136; x_wconf 82' lang='grc' dir='ltr'><strong><em>αῖπύνωαον·</em></strong></span> <span class='ocrx_word' id='word_1_160' title='bbox 848 2068 945 2154; x_wconf 86' lang='grc' dir='ltr'><strong><em>παρὰ</em></strong></span> <span class='ocrx_word' id='word_1_161' title='bbox 968 2070 1008 2136; x_wconf 82' lang='grc' dir='ltr'>τὸ</span> <span class='ocrx_word' id='word_1_162' title='bbox 1033 2070 1147 2152; x_wconf 92' lang='grc' dir='ltr'><strong><em>αἶπος.</em></strong></span> 
     </span>
    </p>

    <p class='ocr_par' dir='ltr' id='par_1_5' title="bbox 421 2176 1601 2260">
     <span class='ocr_line' id='line_1_18' title="bbox 421 2176 1601 2260; baseline 0.001 -18"><span class='ocrx_word' id='word_1_163' title='bbox 421 2176 575 2243; x_wconf 83' lang='lat' dir='ltr'>Eiusdem</span> <span class='ocrx_word' id='word_1_164' title='bbox 598 2177 712 2260; x_wconf 89' lang='lat' dir='ltr'>stirpis</span> <span class='ocrx_word' id='word_1_165' title='bbox 737 2178 886 2245; x_wconf 89' lang='lat' dir='ltr'>derivata</span> <span class='ocrx_word' id='word_1_166' title='bbox 908 2179 984 2247; x_wconf 90' lang='lat' dir='ltr'>inde</span> <span class='ocrx_word' id='word_1_167' title='bbox 1014 2177 1056 2246; x_wconf 91' lang='lat' dir='ltr'>ab</span> <span class='ocrx_word' id='word_1_168' title='bbox 1078 2179 1222 2246; x_wconf 90' lang='lat' dir='ltr'>Homero</span> <span class='ocrx_word' id='word_1_169' title='bbox 1246 2178 1280 2245; x_wconf 94' lang='lat' dir='ltr'>in</span> <span class='ocrx_word' id='word_1_170' title='bbox 1304 2177 1484 2246; x_wconf 87' lang='lat' dir='ltr'>artificiosa</span> <span class='ocrx_word' id='word_1_171' title='bbox 1499 2177 1601 2244; x_wconf 87' lang='lat' dir='ltr'>Grae·</span> 
     </span>
    </p>
   </div>
   <div class='ocr_carea' id='block_1_4' title="bbox 314 2285 1701 2368">
    <p class='ocr_par' dir='ltr' id='par_1_6' title="bbox 314 2285 1701 2368">
     <span class='ocr_line' id='line_1_19' title="bbox 314 2285 1701 2368; baseline -0.002 -16"><span class='ocrx_word' id='word_1_172' title='bbox 314 2301 424 2352; x_wconf 89' lang='lat' dir='ltr'>corum</span> <span class='ocrx_word' id='word_1_173' title='bbox 459 2286 552 2368; x_wconf 90' lang='lat' dir='ltr'>poesi</span> <span class='ocrx_word' id='word_1_174' title='bbox 576 2285 746 2353; x_wconf 89' lang='lat' dir='ltr'>notissima</span> <span class='ocrx_word' id='word_1_175' title='bbox 781 2290 866 2368; x_wconf 84' lang='lat' dir='ltr'>sunt,</span> <span class='ocrx_word' id='word_1_176' title='bbox 906 2285 1054 2355; x_wconf 83' lang='lat' dir='ltr'>conteras</span> <span class='ocrx_word' id='word_1_177' title='bbox 1084 2286 1196 2368; x_wconf 87' lang='grc' dir='ltr'><strong><em>αῖπός,</em></strong></span> <span class='ocrx_word' id='word_1_178' title='bbox 1232 2286 1394 2367; x_wconf 87' lang='grc' dir='ltr'><strong><em>αῖποινός,</em></strong></span> <span class='ocrx_word' id='word_1_179' title='bbox 1430 2285 1537 2368; x_wconf 78' lang='grc' dir='ltr'><strong><em>αῖπύς</em></strong></span> <span class='ocrx_word' id='word_1_180' title='bbox 1560 2286 1600 2352; x_wconf 93' lang='lat' dir='ltr'>al.</span> <span class='ocrx_word' id='word_1_181' title='bbox 1698 2343 1701 2349; x_wconf 87' lang='lat'>.</span> 
     </span>
    </p>
   </div>
   <div class='ocr_carea' id='block_1_5' title="bbox 278 2393 1601 3435">
    <p class='ocr_par' dir='ltr' id='par_1_7' title="bbox 278 2393 1601 3435">
     <span class='ocr_line' id='line_1_20' title="bbox 313 2393 1601 2478; baseline -0.001 -18"><span class='ocrx_word' id='word_1_182' title='bbox 313 2395 404 2475; x_wconf 83' lang='lat' dir='ltr'>Quae</span> <span class='ocrx_word' id='word_1_183' title='bbox 439 2393 549 2476; x_wconf 86' lang='lat' dir='ltr'>verba,</span> <span class='ocrx_word' id='word_1_184' title='bbox 586 2395 649 2461; x_wconf 87' lang='lat' dir='ltr'>etsi</span> <span class='ocrx_word' id='word_1_185' title='bbox 673 2394 906 2462; x_wconf 85' lang='lat' dir='ltr'>uetustissimis</span> <span class='ocrx_word' id='word_1_186' title='bbox 941 2394 1143 2478; x_wconf 87' lang='lat' dir='ltr'>temporibus</span> <span class='ocrx_word' id='word_1_187' title='bbox 1168 2394 1318 2462; x_wconf 90' lang='lat' dir='ltr'>omnibus</span> <span class='ocrx_word' id='word_1_188' title='bbox 1342 2394 1498 2462; x_wconf 86' lang='lat' dir='ltr'>Graeciae</span> <span class='ocrx_word' id='word_1_189' title='bbox 1524 2395 1601 2476; x_wconf 82' lang='lat' dir='ltr'>gen-</span> 
     </span>
     <span class='ocr_line' id='line_1_21' title="bbox 314 2501 1600 2586; baseline -0.001 -17"><span class='ocrx_word' id='word_1_190' title='bbox 314 2502 401 2570; x_wconf 87' lang='lat' dir='ltr'>tibus</span> <span class='ocrx_word' id='word_1_191' title='bbox 426 2502 609 2569; x_wconf 88' lang='lat' dir='ltr'>communia</span> <span class='ocrx_word' id='word_1_192' title='bbox 643 2501 745 2570; x_wconf 86' lang='lat' dir='ltr'>fuisse</span> <span class='ocrx_word' id='word_1_193' title='bbox 778 2503 926 2586; x_wconf 90' lang='lat' dir='ltr'>putanda</span> <span class='ocrx_word' id='word_1_194' title='bbox 954 2508 1040 2586; x_wconf 89' lang='lat' dir='ltr'>sunt,</span> <span class='ocrx_word' id='word_1_195' title='bbox 1074 2508 1184 2569; x_wconf 88' lang='lat' dir='ltr'>tamen</span> <span class='ocrx_word' id='word_1_196' title='bbox 1221 2503 1334 2585; x_wconf 90' lang='lat' dir='ltr'>quinto</span> <span class='ocrx_word' id='word_1_197' title='bbox 1358 2502 1489 2569; x_wconf 87' lang='lat' dir='ltr'>saeculo</span> <span class='ocrx_word' id='word_1_198' title='bbox 1526 2520 1600 2568; x_wconf 92' lang='lat' dir='ltr'>nus·</span> 
     </span>
     <span class='ocr_line' id='line_1_22' title="bbox 315 2607 1600 2698; baseline -0.002 -21"><span class='ocrx_word' id='word_1_199' title='bbox 315 2630 411 2698; x_wconf 92' lang='lat' dir='ltr'>quam</span> <span class='ocrx_word' id='word_1_200' title='bbox 434 2611 559 2679; x_wconf 90' lang='lat' dir='ltr'>usitata</span> <span class='ocrx_word' id='word_1_201' title='bbox 581 2607 723 2679; x_wconf 88' lang='lat' dir='ltr'>luerunt.</span> <span class='ocrx_word' id='word_1_202' title='bbox 769 2611 856 2678; x_wconf 89' lang='lat' dir='ltr'>illud</span> <span class='ocrx_word' id='word_1_203' title='bbox 879 2611 981 2695; x_wconf 90' lang='lat' dir='ltr'>igitur</span> <span class='ocrx_word' id='word_1_204' title='bbox 1005 2611 1110 2694; x_wconf 84' lang='grc' dir='ltr'><strong><em>αἶπος</em></strong></span> <span class='ocrx_word' id='word_1_205' title='bbox 1131 2632 1192 2696; x_wconf 94' lang='lat' dir='ltr'>pro</span> <span class='ocrx_word' id='word_1_206' title='bbox 1208 2611 1325 2679; x_wconf 93' lang='lat' dir='ltr'>ultimo</span> <span class='ocrx_word' id='word_1_207' title='bbox 1348 2610 1487 2695; x_wconf 83' lang='lat' dir='ltr'>vestigio</span> <span class='ocrx_word' id='word_1_208' title='bbox 1518 2609 1600 2678; x_wconf 88' lang='lat' dir='ltr'>acci·</span> 
     </span>
     <span class='ocr_line' id='line_1_23' title="bbox 312 2720 1600 2806; baseline 0 -21"><span class='ocrx_word' id='word_1_209' title='bbox 312 2721 467 2804; x_wconf 90' lang='lat' dir='ltr'>piendum</span> <span class='ocrx_word' id='word_1_210' title='bbox 491 2725 552 2806; x_wconf 87' lang='lat' dir='ltr'>est,</span> <span class='ocrx_word' id='word_1_211' title='bbox 577 2721 664 2804; x_wconf 91' lang='lat' dir='ltr'>quod</span> <span class='ocrx_word' id='word_1_212' title='bbox 679 2720 780 2805; x_wconf 90' lang='lat' dir='ltr'>stirps</span> <span class='ocrx_word' id='word_1_213' title='bbox 804 2720 861 2787; x_wconf 85' lang='lat' dir='ltr'>illa</span> <span class='ocrx_word' id='word_1_214' title='bbox 885 2722 918 2787; x_wconf 90' lang='lat' dir='ltr'>in</span> <span class='ocrx_word' id='word_1_215' title='bbox 934 2740 1083 2789; x_wconf 89' lang='lat' dir='ltr'>sermone</span> <span class='ocrx_word' id='word_1_216' title='bbox 1099 2721 1250 2805; x_wconf 90' lang='lat' dir='ltr'>populari</span> <span class='ocrx_word' id='word_1_217' title='bbox 1265 2720 1410 2803; x_wconf 89' lang='lat' dir='ltr'>reliquit.</span> <span class='ocrx_word' id='word_1_218' title='bbox 1458 2721 1501 2785; x_wconf 82' lang='lat' dir='ltr'>At</span> <span class='ocrx_word' id='word_1_219' title='bbox 1524 2738 1600 2786; x_wconf 88' lang='lat' dir='ltr'>vero</span> 
     </span>
     <span class='ocr_line' id='line_1_24' title="bbox 314 2827 1601 2912; baseline -0.003 -17"><span class='ocrx_word' id='word_1_220' title='bbox 314 2828 424 2895; x_wconf 89' lang='lat' dir='ltr'>nescio</span> <span class='ocrx_word' id='word_1_221' title='bbox 449 2848 512 2912; x_wconf 93' lang='lat' dir='ltr'>quo</span> <span class='ocrx_word' id='word_1_222' title='bbox 537 2846 614 2895; x_wconf 86' lang='lat' dir='ltr'>casu</span> <span class='ocrx_word' id='word_1_223' title='bbox 638 2827 758 2895; x_wconf 88' lang='lat' dir='ltr'>factum</span> <span class='ocrx_word' id='word_1_224' title='bbox 782 2846 854 2896; x_wconf 88' lang='lat' dir='ltr'>esse</span> <span class='ocrx_word' id='word_1_225' title='bbox 879 2830 994 2912; x_wconf 89' lang='lat' dir='ltr'>possit,</span> <span class='ocrx_word' id='word_1_226' title='bbox 1030 2833 1067 2895; x_wconf 92' lang='lat' dir='ltr'>ut</span> <span class='ocrx_word' id='word_1_227' title='bbox 1091 2833 1124 2894; x_wconf 91' lang='lat' dir='ltr'>et</span> <span class='ocrx_word' id='word_1_228' title='bbox 1147 2828 1361 2896; x_wconf 80' lang='lat' dir='ltr'>Athenienses</span> <span class='ocrx_word' id='word_1_229' title='bbox 1386 2832 1419 2895; x_wconf 90' lang='lat' dir='ltr'>et</span> <span class='ocrx_word' id='word_1_230' title='bbox 1442 2827 1539 2895; x_wconf 90' lang='lat' dir='ltr'>Iones</span> <span class='ocrx_word' id='word_1_231' title='bbox 1563 2845 1601 2893; x_wconf 85' lang='lat' dir='ltr'>ea</span> 
     </span>
     <span class='ocr_line' id='line_1_25' title="bbox 314 2935 1600 3021; baseline 0 -20"><span class='ocrx_word' id='word_1_232' title='bbox 314 2940 435 3017; x_wconf 79' lang='lat' dir='ltr'>aetate,</span> <span class='ocrx_word' id='word_1_233' title='bbox 450 2954 524 3019; x_wconf 88' lang='lat' dir='ltr'>qua</span> <span class='ocrx_word' id='word_1_234' title='bbox 540 2935 640 3019; x_wconf 87' lang='lat' dir='ltr'>stirps</span> <span class='ocrx_word' id='word_1_235' title='bbox 665 2936 769 3018; x_wconf 81' lang='grc' dir='ltr'><strong><em>αῖπύς</em></strong></span> <span class='ocrx_word' id='word_1_236' title='bbox 791 2938 897 3020; x_wconf 86' lang='lat' dir='ltr'>magis</span> <span class='ocrx_word' id='word_1_237' title='bbox 920 2937 1089 3021; x_wconf 86' lang='lat' dir='ltr'>magisque</span> <span class='ocrx_word' id='word_1_238' title='bbox 1113 2936 1332 3018; x_wconf 81' lang='lat' dir='ltr'>evanesceret,</span> <span class='ocrx_word' id='word_1_239' title='bbox 1368 2937 1462 3020; x_wconf 91' lang='lat' dir='ltr'>quasi</span> <span class='ocrx_word' id='word_1_240' title='bbox 1485 2935 1600 3002; x_wconf 88' lang='lat' dir='ltr'>ultima</span> 
     </span>
     <span class='ocr_line' id='line_1_26' title="bbox 314 3042 1601 3124; baseline -0.002 -15"><span class='ocrx_word' id='word_1_241' title='bbox 314 3042 367 3109; x_wconf 88' lang='lat' dir='ltr'>die</span> <span class='ocrx_word' id='word_1_242' title='bbox 392 3043 527 3109; x_wconf 87' lang='lat' dir='ltr'>candem</span> <span class='ocrx_word' id='word_1_243' title='bbox 550 3061 661 3110; x_wconf 83' lang='lat' dir='ltr'>rocem</span> <span class='ocrx_word' id='word_1_244' title='bbox 686 3044 799 3111; x_wconf 90' lang='lat' dir='ltr'>eodem</span> <span class='ocrx_word' id='word_1_245' title='bbox 823 3063 922 3111; x_wconf 90' lang='lat' dir='ltr'>sensu</span> <span class='ocrx_word' id='word_1_246' title='bbox 944 3048 1139 3111; x_wconf 87' lang='lat' dir='ltr'>instructam</span> <span class='ocrx_word' id='word_1_247' title='bbox 1163 3044 1364 3120; x_wconf 79' lang='lat' dir='ltr'>creauerint3</span> <span class='ocrx_word' id='word_1_248' title='bbox 1388 3042 1492 3124; x_wconf 87' lang='grc' dir='ltr'><strong><em>αἶπος</em></strong></span> <span class='ocrx_word' id='word_1_249' title='bbox 1516 3044 1601 3109; x_wconf 91' lang='lat' dir='ltr'>enim</span> 
     </span>
     <span class='ocr_line' id='line_1_27' title="bbox 278 3150 1601 3237; baseline -0.001 -20"><span class='ocrx_word' id='word_1_250' title='bbox 278 3200 282 3209; x_wconf 87' lang='lat'>.</span> <span class='ocrx_word' id='word_1_251' title='bbox 314 3150 456 3218; x_wconf 87' lang='lat' dir='ltr'>Homero</span> <span class='ocrx_word' id='word_1_252' title='bbox 479 3150 680 3235; x_wconf 86' lang='lat' dir='ltr'>reliquisque</span> <span class='ocrx_word' id='word_1_253' title='bbox 703 3152 809 3235; x_wconf 91' lang='lat' dir='ltr'>poetis</span> <span class='ocrx_word' id='word_1_254' title='bbox 833 3158 967 3235; x_wconf 87' lang='lat' dir='ltr'>praeter</span> <span class='ocrx_word' id='word_1_255' title='bbox 990 3152 1133 3236; x_wconf 87' lang='lat' dir='ltr'>tragicos</span> <span class='ocrx_word' id='word_1_256' title='bbox 1148 3153 1298 3237; x_wconf 91' lang='lat' dir='ltr'>ignotum</span> <span class='ocrx_word' id='word_1_257' title='bbox 1320 3156 1380 3219; x_wconf 89' lang='lat' dir='ltr'>est.</span> <span class='ocrx_word' id='word_1_258' title='bbox 1429 3152 1522 3231; x_wconf 85' lang='lat' dir='ltr'>Quod</span> <span class='ocrx_word' id='word_1_259' title='bbox 1547 3151 1601 3235; x_wconf 90' lang='lat' dir='ltr'>qui</span> 
     </span>
     <span class='ocr_line' id='line_1_28' title="bbox 315 3257 1599 3345; baseline -0.002 -18"><span class='ocrx_word' id='word_1_260' title='bbox 315 3264 413 3342; x_wconf 90' lang='lat' dir='ltr'>ncget</span> <span class='ocrx_word' id='word_1_261' title='bbox 437 3257 509 3324; x_wconf 89' lang='lat' dir='ltr'>fieri</span> <span class='ocrx_word' id='word_1_262' title='bbox 533 3277 640 3342; x_wconf 90' lang='lat' dir='ltr'>posse,</span> <span class='ocrx_word' id='word_1_263' title='bbox 667 3260 823 3327; x_wconf 89' lang='lat' dir='ltr'>concedat</span> <span class='ocrx_word' id='word_1_264' title='bbox 847 3260 952 3343; x_wconf 90' lang='grc' dir='ltr'><strong><em>αἶπος</em></strong></span> <span class='ocrx_word' id='word_1_265' title='bbox 975 3261 1008 3329; x_wconf 91' lang='lat' dir='ltr'>in</span> <span class='ocrx_word' id='word_1_266' title='bbox 1024 3261 1196 3345; x_wconf 90' lang='lat' dir='ltr'>tragoedia</span> <span class='ocrx_word' id='word_1_267' title='bbox 1211 3261 1395 3328; x_wconf 89' lang='lat' dir='ltr'>necessarie</span> <span class='ocrx_word' id='word_1_268' title='bbox 1410 3260 1452 3326; x_wconf 91' lang='lat' dir='ltr'>ab</span> <span class='ocrx_word' id='word_1_269' title='bbox 1467 3259 1599 3327; x_wconf 91' lang='lat' dir='ltr'>Ionibus</span> 
     </span>
     <span class='ocr_line' id='line_1_29' title="bbox 315 3372 604 3435; baseline -0.007 -1"><span class='ocrx_word' id='word_1_270' title='bbox 315 3372 497 3435; x_wconf 89' lang='lat' dir='ltr'>mutuatum</span> <span class='ocrx_word' id='word_1_271' title='bbox 523 3386 604 3435; x_wconf 88' lang='lat' dir='ltr'>esse.</span> 
     </span>
    </p>
   </div>
   <div class='ocr_carea' id='block_1_6' title="bbox 314 3814 1601 4660">
    <p class='ocr_par' dir='ltr' id='par_1_8' title="bbox 314 3814 1601 4660">
     <span class='ocr_line' id='line_1_30' title="bbox 423 3814 1601 3899; baseline 0.003 -20"><span class='ocrx_word' id='word_1_272' title='bbox 423 3814 463 3880; x_wconf 90' lang='lat' dir='ltr'>Id</span> <span class='ocrx_word' id='word_1_273' title='bbox 497 3831 621 3897; x_wconf 79' lang='lat' dir='ltr'>revera,</span> <span class='ocrx_word' id='word_1_274' title='bbox 659 3816 745 3899; x_wconf 92' lang='lat' dir='ltr'>quod</span> <span class='ocrx_word' id='word_1_275' title='bbox 781 3815 822 3882; x_wconf 95' lang='lat' dir='ltr'>de</span> <span class='ocrx_word' id='word_1_276' title='bbox 846 3814 962 3898; x_wconf 89' lang='lat' dir='ltr'>viginti</span> <span class='ocrx_word' id='word_1_277' title='bbox 989 3816 1121 3883; x_wconf 86' lang='lat' dir='ltr'>vocibus</span> <span class='ocrx_word' id='word_1_278' title='bbox 1151 3815 1350 3899; x_wconf 86' lang='lat' dir='ltr'>grauissimis</span> <span class='ocrx_word' id='word_1_279' title='bbox 1386 3815 1492 3884; x_wconf 89' lang='lat' dir='ltr'>causis</span> <span class='ocrx_word' id='word_1_280' title='bbox 1517 3834 1601 3882; x_wconf 91' lang='lat' dir='ltr'>oom-</span> 
     </span>
     <span class='ocr_line' id='line_1_31' title="bbox 314 3920 1600 4008; baseline 0.001 -20"><span class='ocrx_word' id='word_1_281' title='bbox 314 3920 489 4006; x_wconf 85' lang='lat' dir='ltr'>probatum</span> <span class='ocrx_word' id='word_1_282' title='bbox 514 3928 574 4007; x_wconf 89' lang='lat' dir='ltr'>cst,</span> <span class='ocrx_word' id='word_1_283' title='bbox 610 3923 720 4008; x_wconf 86' lang='lat' dir='ltr'>aliqua</span> <span class='ocrx_word' id='word_1_284' title='bbox 745 3942 815 3989; x_wconf 91' lang='lat' dir='ltr'>cum</span> <span class='ocrx_word' id='word_1_285' title='bbox 840 3924 909 3991; x_wconf 88' lang='lat' dir='ltr'>ueri</span> <span class='ocrx_word' id='word_1_286' title='bbox 933 3924 1042 4007; x_wconf 88' lang='lat' dir='ltr'>specie</span> <span class='ocrx_word' id='word_1_287' title='bbox 1066 3924 1106 3991; x_wconf 92' lang='lat' dir='ltr'>de</span> <span class='ocrx_word' id='word_1_288' title='bbox 1130 3930 1259 3990; x_wconf 92' lang='lat' dir='ltr'>centum</span> <span class='ocrx_word' id='word_1_289' title='bbox 1284 3923 1435 4007; x_wconf 84' lang='lat' dir='ltr'>Aeschyli</span> <span class='ocrx_word' id='word_1_290' title='bbox 1470 3924 1600 3991; x_wconf 87' lang='lat' dir='ltr'>vocibus</span> 
     </span>
     <span class='ocr_line' id='line_1_32' title="bbox 317 4029 1599 4115; baseline 0.001 -19"><span class='ocrx_word' id='word_1_291' title='bbox 317 4029 414 4112; x_wconf 84' lang='lat' dir='ltr'>ualet,</span> <span class='ocrx_word' id='word_1_292' title='bbox 450 4048 599 4097; x_wconf 88' lang='lat' dir='ltr'>necnon</span> <span class='ocrx_word' id='word_1_293' title='bbox 632 4031 713 4097; x_wconf 87' lang='lat' dir='ltr'>alias</span> <span class='ocrx_word' id='word_1_294' title='bbox 738 4036 850 4097; x_wconf 86' lang='lat' dir='ltr'>earum</span> <span class='ocrx_word' id='word_1_295' title='bbox 875 4048 987 4097; x_wconf 91' lang='lat' dir='ltr'>vocum</span> <span class='ocrx_word' id='word_1_296' title='bbox 1021 4032 1139 4099; x_wconf 90' lang='lat' dir='ltr'>molem</span> <span class='ocrx_word' id='word_1_297' title='bbox 1164 4031 1423 4110; x_wconf 81' lang='lat' dir='ltr'>retractabimus,</span> <span class='ocrx_word' id='word_1_298' title='bbox 1461 4032 1599 4115; x_wconf 89' lang='lat' dir='ltr'>quaein</span> 
     </span>
     <span class='ocr_line' id='line_1_33' title="bbox 318 4138 1599 4222; baseline 0 -19"><span class='ocrx_word' id='word_1_299' title='bbox 318 4138 534 4222; x_wconf 86' lang='lat' dir='ltr'>suspicionem</span> <span class='ocrx_word' id='word_1_300' title='bbox 557 4139 686 4206; x_wconf 90' lang='lat' dir='ltr'>Ionicae</span> <span class='ocrx_word' id='word_1_301' title='bbox 725 4138 859 4221; x_wconf 88' lang='lat' dir='ltr'>originis</span> <span class='ocrx_word' id='word_1_302' title='bbox 895 4139 989 4206; x_wconf 92' lang='lat' dir='ltr'>nobis</span> <span class='ocrx_word' id='word_1_303' title='bbox 1013 4146 1181 4208; x_wconf 86' lang='lat' dir='ltr'>uenerunt.</span> <span class='ocrx_word' id='word_1_304' title='bbox 1229 4140 1350 4207; x_wconf 83' lang='lat' dir='ltr'>Tamen</span> <span class='ocrx_word' id='word_1_305' title='bbox 1386 4139 1599 4207; x_wconf 90' lang='lat' dir='ltr'>resistendum</span> 
     </span>
     <span class='ocr_line' id='line_1_34' title="bbox 320 4234 1599 4330; baseline 0 -18"><span class='ocrx_word' id='word_1_306' title='bbox 320 4234 379 4328; x_wconf 87' lang='lat' dir='ltr'>cst,</span> <span class='ocrx_word' id='word_1_307' title='bbox 406 4246 495 4313; x_wconf 88' lang='lat' dir='ltr'>cuius</span> <span class='ocrx_word' id='word_1_308' title='bbox 519 4245 568 4314; x_wconf 91' lang='lat' dir='ltr'>rei</span> <span class='ocrx_word' id='word_1_309' title='bbox 585 4265 682 4315; x_wconf 82' lang='lat' dir='ltr'>causa</span> <span class='ocrx_word' id='word_1_310' title='bbox 705 4247 738 4312; x_wconf 94' lang='lat' dir='ltr'>in</span> <span class='ocrx_word' id='word_1_311' title='bbox 754 4246 906 4330; x_wconf 88' lang='lat' dir='ltr'>proximo</span> <span class='ocrx_word' id='word_1_312' title='bbox 924 4247 1029 4330; x_wconf 89' lang='lat' dir='ltr'>capite</span> <span class='ocrx_word' id='word_1_313' title='bbox 1048 4247 1332 4314; x_wconf 90' lang='lat' dir='ltr'>demonstrabitur.</span> <span class='ocrx_word' id='word_1_314' title='bbox 1386 4247 1470 4315; x_wconf 92' lang='lat' dir='ltr'>Huic</span> <span class='ocrx_word' id='word_1_315' title='bbox 1493 4252 1599 4314; x_wconf 88' lang='lat' dir='ltr'>autem</span> 
     </span>
     <span class='ocr_line' id='line_1_35' title="bbox 319 4353 1599 4440; baseline 0.002 -22"><span class='ocrx_word' id='word_1_316' title='bbox 319 4354 503 4436; x_wconf 88' lang='lat' dir='ltr'>quaestioni</span> <span class='ocrx_word' id='word_1_317' title='bbox 526 4353 599 4422; x_wconf 90' lang='lat' dir='ltr'>finis</span> <span class='ocrx_word' id='word_1_318' title='bbox 628 4355 822 4438; x_wconf 81' lang='lat' dir='ltr'>imponatur,</span> <span class='ocrx_word' id='word_1_319' title='bbox 861 4374 930 4421; x_wconf 91' lang='lat' dir='ltr'>cum</span> <span class='ocrx_word' id='word_1_320' title='bbox 956 4375 1052 4440; x_wconf 86' lang='lat' dir='ltr'>quam</span> <span class='ocrx_word' id='word_1_321' title='bbox 1072 4356 1273 4423; x_wconf 88' lang='lat' dir='ltr'>brevissimis</span> <span class='ocrx_word' id='word_1_322' title='bbox 1299 4356 1599 4440; x_wconf 88' lang='lat' dir='ltr'>comprenserimus‚</span> 
     </span>
     <span class='ocr_line' id='line_1_36' title="bbox 320 4460 1599 4564; baseline 0.001 -38"><span class='ocrx_word' id='word_1_323' title='bbox 320 4460 397 4543; x_wconf 92' lang='lat' dir='ltr'>quid</span> <span class='ocrx_word' id='word_1_324' title='bbox 422 4462 526 4528; x_wconf 87' lang='lat' dir='ltr'>adhuc</span> <span class='ocrx_word' id='word_1_325' title='bbox 541 4462 721 4546; x_wconf 87' lang='lat' dir='ltr'>profectum</span> <span class='ocrx_word' id='word_1_326' title='bbox 745 4464 799 4533; x_wconf 88' lang='lat' dir='ltr'>sit.</span> <span class='ocrx_word' id='word_1_327' title='bbox 846 4465 954 4564; x_wconf 81' lang='lat' dir='ltr'>Atque</span> <span class='ocrx_word' id='word_1_328' title='bbox 977 4466 1220 4547; x_wconf 91' lang='lat' dir='ltr'>comprobatum</span> <span class='ocrx_word' id='word_1_329' title='bbox 1244 4465 1374 4547; x_wconf 90' lang='lat' dir='ltr'>quidem</span> <span class='ocrx_word' id='word_1_330' title='bbox 1399 4469 1450 4531; x_wconf 88' lang='lat' dir='ltr'>ost</span> <span class='ocrx_word' id='word_1_331' title='bbox 1474 4468 1599 4531; x_wconf 84' lang='lat' dir='ltr'>exstare</span> 
     </span>
     <span class='ocr_line' id='line_1_37' title="bbox 319 4569 1599 4660; baseline 0.001 -24"><span class='ocrx_word' id='word_1_332' title='bbox 319 4569 353 4636; x_wconf 94' lang='lat' dir='ltr'>in</span> <span class='ocrx_word' id='word_1_333' title='bbox 389 4571 547 4653; x_wconf 81' lang='lat' dir='ltr'>tragica</span> <span class='ocrx_word' id='word_1_334' title='bbox 583 4572 760 4639; x_wconf 89' lang='lat' dir='ltr'>dictione</span> <span class='ocrx_word' id='word_1_335' title='bbox 795 4573 894 4641; x_wconf 85' lang='lat' dir='ltr'>uerba</span> <span class='ocrx_word' id='word_1_336' title='bbox 929 4573 1015 4639; x_wconf 86' lang='lat' dir='ltr'>haud</span> <span class='ocrx_word' id='word_1_337' title='bbox 1043 4592 1157 4660; x_wconf 87' lang='lat' dir='ltr'>pauco,</span> <span class='ocrx_word' id='word_1_338' title='bbox 1193 4592 1277 4658; x_wconf 90' lang='lat' dir='ltr'>quae</span> <span class='ocrx_word' id='word_1_339' title='bbox 1300 4578 1396 4640; x_wconf 89' lang='lat' dir='ltr'>nata</span> <span class='ocrx_word' id='word_1_340' title='bbox 1418 4578 1510 4655; x_wconf 91' lang='lat' dir='ltr'>post</span> <span class='ocrx_word' id='word_1_341' title='bbox 1532 4572 1599 4639; x_wconf 84' lang='lat' dir='ltr'>Ilo</span> 
     </span>
    </p>
   </div>
   <div class='ocr_carea' id='block_1_7' title="bbox 0 0 1742 5250">
    <p class='ocr_par' dir='ltr' id='par_1_9' title="bbox 0 0 1742 5250">
     <span class='ocr_line' id='line_1_38' title="bbox 0 0 1742 5250; baseline 0 0"><span class='ocrx_word' id='word_1_342' title='bbox 0 0 1742 5250; x_wconf 95' lang='lat' dir='ltr'> </span> 
     </span>
    </p>
   </div>
  </div>
 </body>
</html>
