3475 5250
667 401 889 468 ..65-

135 579 298 657 adhibeat,
315 580 355 646 ab
368 579 433 646 illis
450 600 513 648 non
527 582 678 663 pendere.
696 581 910 648 Examinandi
923 580 1023 663 igitur
1036 582 1219 648 suutdttici
1232 584 1421 666 scriptores

135 708 211 753 num
234 708 345 754 uocem
371 689 553 771 exhibeant,
592 691 650 757 sed
675 709 727 756 res
751 691 882 771 integra
904 689 1059 771 manebit,
1095 690 1171 773 quia
1195 696 1350 773 quattuor
1374 691 1424 756 illi

137 796 285 863 Platonis
321 797 383 863 loci
412 816 594 865 sermonem
631 797 827 864 cotidianum
863 817 927 864 non
961 803 1135 864 testantur.
1183 798 1301 866 Phaed.
1330 797 1424 864 1090

136 905 264 985 poetice
293 905 383 990 loqui
415 907 544 973 videtur
568 905 722 988 ἐνμέσῳ
746 909 796 989 τῷ
823 903 977 988 πυθμένι
999 908 1061 970 τοῦ
1089 902 1240 987 πελάγου
1279 925 1338 972 neo
1361 926 1425 973 uon

135 1011 257 1078 Phaed.
286 1014 393 1095 112Β,
419 1033 491 1079 cum
514 1013 667 1096 loquatur
692 1016 731 1081 de
756 1016 820 1079 ima
836 1015 957 1080 tartari
981 1033 1066 1098 aqua
1090 1013 1128 1080 cl.
1153 1014 1285 1080 Pindari
1308 1015 1423 1082 locum.

134 1118 172 1184 In
197 1121 327 1186 Timaeo
352 1126 461 1188 antem
486 1119 562 1186 83E
578 1121 703 1204 repetit
718 1123 919 1189 medicorum
938 1122 1130 1203 doctrinam,
1155 1140 1236 1203 quos
1253 1120 1426 1204 plerosque

135 1226 229 1294 Ioues
264 1227 365 1296 fuisse
400 1235 512 1296 notum
540 1235 608 1294 est:
649 1229 828 1310 μενόντων
863 1233 935 1295 τῶν
958 1227 1152 1311 πυθμένων
1181 1228 1257 1312 (τῆς
1285 1228 1425 1312 σαρκός)

138 1337 313 1418 „quamdiu
337 1338 430 1419 quasi
453 1336 697 1403 fundamentum
723 1339 828 1404 caruis
854 1343 1032 1405 remanet“.
1079 1339 1186 1421 Atque
1209 1337 1242 1402 iu
1272 1337 1356 1402 libro
1381 1338 1421 1403 de

137 1443 304 1526 republica
332 1444 418 1511 VIII.
446 1443 543 1510 5460
573 1444 793 1528 Pythagoreos
822 1449 980 1530 sequitur,
1017 1465 1088 1510 cum
1124 1444 1250 1511 numeri
1273 1445 1426 1527 quadrati

135 1552 277 1617 radIcem
299 1551 463 1636 πυθμένα
499 1558 601 1619 vocet.
649 1552 762 1638 Neque
792 1555 894 1638 igitur
925 1554 1086 1621 sermonis
1111 1553 1211 1619 Attici
1246 1553 1341 1619 testis
1366 1558 1425 1632 est,

136 1660 192 1725 sed
207 1665 240 1724 et
256 1659 534 1745 Pythagoreorum
547 1667 581 1727 et
596 1662 806 1744 medimrnm,
824 1681 905 1746 quos
921 1661 1102 1745 Hesychius
1124 1680 1252 1744 quoque
1268 1660 1426 1742 seqnitur,

137 1785 207 1831 cum
231 1766 318 1833 dicat
341 1765 487 1851 πυθμήν
511 1817 520 1833 .
545 1817 553 1834 .
581 1818 588 1834 .
614 1769 671 1834 καὶ
688 1773 752 1852 τῆς
766 1771 902 1852 μήτρας
924 1769 965 1835 τὸ
982 1768 1057 1835 ἄνω
1079 1770 1195 1853 μέρος.
1243 1770 1286 1834 Et
1301 1769 1426 1852 HIppo-

141 1879 248 1940 crates
273 1875 401 1957 quidem
426 1877 496 1958 ipse
519 1895 630 1942 vocem
654 1873 802 1959 ruodperto
837 1878 993 1961 primarIo
1022 1897 1120 1945 sensu
1148 1878 1269 1943 detrito
1293 1877 1427 1960 scripsit

137 2003 171 2046 π.
198 1979 298 2048 beatu.
323 1980 370 2064 ὀξ.
399 1986 449 2052 ll.
475 1984 500 2050 1.
528 1985 639 2049 129.3
664 1983 744 2050 Klw.
780 1982 1010 2067 πυθμένοθεν
1043 1985 1107 2067 μὲν
1135 1982 1198 2050 οὖν
1227 1983 1290 2050 οὐκ
1314 1983 1427 2050 ἴσασιν

141 2109 199 2168 „ex
222 2089 356 2172 fundo“‚
382 2089 420 2159 cf.
446 2091 536 2158 Erot.
562 2111 592 2173 p.
621 2093 753 2156 11012
779 2098 812 2158 et
829 2091 956 2159 Ctesias
981 2114 1019 2160 ea
1041 2112 1119 2160 usus
1143 2112 1216 2159 esse
1239 2094 1370 2160 videtur
1394 2093 1426 2157 In

136 2197 257 2265 Indicis
293 2218 344 2281 ap.
368 2199 463 2264 Phot.
488 2218 519 2282 p.
545 2201 587 2263 45
612 2200 667 2266 01
692 2196 838 2282 πυθμὴν
872 2204 936 2284 τῆς
958 2201 1097 2284 κρήνης.
1143 2201 1282 2268 Unicum
1317 2207 1426 2266 autem

137 2305 266 2372 Atticae
283 2308 526 2372 consuetudinis
543 2307 725 2390 exemplum
746 2307 906 2392 inlepide
934 2316 1084 2375 seruatur
1113 2309 1169 2376 lG.
1195 2309 1220 2374 Ι.
1244 2328 1293 2375 nr.
1315 2309 1425 2373 1121

138 2411 176 2478 cl.
203 2432 235 2496 p.
262 2415 361 2496 ldsq.
408 2414 445 2479 ln
469 2415 686 2482 Parthenonis
713 2416 800 2481 enim
823 2417 1007 2483 inventarIo
1042 2423 1158 2500 quarto
1188 2418 1259 2483 loco
1283 2416 1359 2482 inde
1382 2416 1423 2480 ab

138 2540 222 2587 auno
248 2522 314 2586 434
349 2522 540 2588 tradebatur
574 2523 760 2606 καρχήσιον
785 2527 937 2607 χρυσοῦν
967 2522 1197 2607 τόμπυθμέυα
1223 2522 1424 2606 ὑπάργυρον

137 2627 226 2713 ἕχον.
274 2631 363 2696 Idem
393 2632 481 2698 ualet
504 2632 536 2698 in
560 2633 795 2699 recentioribus
820 2634 1014 2700 inventariIs
1036 2635 1126 2701 uelut
1151 2633 1224 2699 Deli
1249 2631 1336 2698 11.-Β.
1362 2630 1423 2696 III.

137 2740 274 2805 25388
300 2738 398 2822 (Bull.
425 2740 464 2804 de
491 2758 571 2805 corr.
589 2739 665 2807 hell.
690 2740 776 2823 XIV,
800 2761 831 2824 p.
849 2742 925 2822 414,
949 2740 971 2807 1.
989 2742 1047 2820 38)
1071 2759 1100 2808 a.
1119 2742 1194 2821 219,
1219 2739 1423 2819 Dittenberg.

139 2844 230 2929 syll.²
257 2847 403 2930 58821,
423 2849 464 2912 21
497 2867 526 2912 a.
554 2849 626 2913 180.
675 2848 787 2931 Neque
823 2848 930 2913 allana
966 2867 1028 2915 uox
1063 2854 1114 2915 est
1137 2847 1178 2913 ab
1209 2866 1269 2913 usu
1292 2848 1424 2927 linguae

141 2955 317 3021 communis
340 2956 415 3021 inde
439 2955 479 3021 ab
504 2954 713 3037 Iustoque)
738 2954 791 3039 (cf.
814 2955 953 3022 Bonitzii
978 2956 1127 3040 indicem)
1153 2960 1186 3022 et
1200 2954 1425 3039 Theophrasto

32 3100 33 3145 3
141 3063 230 3128 velut
265 3062 340 3129 hiSt.
376 3062 480 3146 plant.
506 3066 535 3129 2.
555 3065 584 3130 2.
605 3066 634 3144 9,
671 3065 702 3128 4.
724 3066 772 3129 11.
794 3064 844 3145 13,
881 3082 968 3132 caus.
992 3063 1095 3147 plaut.
1121 3064 1271 3132 3.13.3.
1319 3062 1425 3129 Etiam

32 3148 33 3180 ¹
140 3170 294 3253 Polybius
331 3173 359 3237 6.
378 3173 433 3239 23.
453 3175 503 3253 11,
540 3174 724 3239 221115
761 3176 795 3238 et
829 3172 871 3239 al.
901 3191 971 3237 eam
1008 3171 1172 3239 exhibent.
1218 3170 1426 3237 Arithmetici

141 3281 250 3345 autem
284 3280 462 3362 scriptores
497 3280 587 3347 velut
608 3279 805 3346 lamblichus
841 3298 950 3347 vocem
980 3298 1070 3345 more
1094 3279 1298 3363 Pythagoreo
1333 3296 1427 3343 usur·

141 3393 310 3466 paverunt.

251 3494 340 3560 Haec
364 3494 444 3560 satis
468 3494 571 3561 multa
594 3494 782 3560 testimonia
807 3494 862 3578 qui
880 3494 1035 3569 censebit,
1060 3513 1124 3560 uon
1149 3494 1322 3576 dubitabit,
1347 3492 1426 3576 quin

141 3620 203 3667 uox
227 3599 371 3685 πυθμήν
408 3620 504 3669 sensu
527 3602 684 3684 primario
708 3602 745 3667 V.
769 3621 829 3667 nec
853 3620 916 3667 uon
941 3602 995 3667 VI.
1021 3601 1150 3667 saeculo
1174 3600 1427 3666 Atheniensibus

141 3716 220 3775 nota
248 3706 355 3786 luerit,
391 3711 506 3776 ductus
531 3710 572 3775 ad
595 3708 656 3775 hoc
679 3709 834 3775 iudicium
871 3728 942 3774 cum
974 3708 1061 3774 illlus
1086 3708 1310 3790 inscriptionis
1333 3708 1426 3773 testi-

40 3870 41 3879 ,
142 3818 260 3899 monio,
285 3823 354 3884 tum
378 3820 516 3902 ratione,
542 3836 605 3900 qua
629 3816 806 3901 Aeschylus
830 3836 909 3883 voce
932 3834 1010 3883 usus
1034 3822 1094 3882 est.

703 4083 868 4153 KAPTA.

252 4264 372 4331 Eadem
396 4270 496 4348 atque
530 4266 563 4331 in
588 4268 802 4333 antecedente
826 4285 904 4333 voce
928 4265 1056 4333 ratione
1079 4263 1212 4331 adducti
1236 4281 1357 4346 sumus,
1392 4268 1430 4328 ut

146 4373 332 4439 adverqum
355 4372 474 4457 κάρυα,
511 4372 598 4456 quod
621 4375 786 4460 plerlsque
823 4374 901 4441 viris
926 4374 1030 4441 doctis
1053 4373 1197 4440 Ionicum
1235 4389 1307 4439 esse
1342 4371 1430 4438 vide·

147 4480 251 4563 batur,
288 4498 358 4547 cum
382 4480 432 4546 W.
457 4481 606 4548 Schulzio
640 4482 726 4548 inter
760 4483 869 4566 prisca
892 4482 1003 4549 Attica
1026 4482 1126 4548 uerba
1150 4498 1354 4564 poneremus
1390 4477 1428 4545 cf.

253 4716 274 4785 ¹)
292 4714 401 4767 Aeneae
420 4712 528 4768 Tactici
546 4712 624 4768 locus
644 4716 715 4770 29.1
737 4713 920 4785 interpolatus
940 4717 991 4778 est,
1010 4714 1034 4767 si
1053 4713 1139 4782 Hugii
1158 4712 1291 4768 indictum
1310 4709 1393 4764 salat.
1455 4784 1457 4789 Ι

198 4804 267 4855 My,
283 4804 314 4845 lle
329 4802 437 4857 Aeschyli
454 4801 516 4857 sopit
530 4801 652 4847 uerborum.
1217 4805 1234 4858 5
