3475 5250
657 305 878 372 ..37-

136 487 198 565 tur,
230 500 297 566 qua
325 481 454 566 quidem
482 501 518 549 re
540 482 621 549 nihil
645 484 880 567 comprobatur.
922 486 1040 552 Tamen
1064 488 1115 553 uei
1139 487 1203 555 alia
1226 494 1405 573 causaest,

134 611 188 656 cur
215 590 390 656 verisimile
418 591 463 657 sit
493 591 637 674 singulas
668 591 825 660 Graeciae
853 599 967 677 gentes
1002 595 1135 678 propria
1163 596 1249 662 dotis
1277 597 1406 662 nomina

132 698 300 764 formasse.

238 805 374 872 Homeri
402 806 601 887 temporibus
630 807 686 874 dos
711 809 839 875 omnino
863 809 1025 889 nonfuit,
1055 809 1112 876 sed
1135 807 1217 875 ἕδνα
1239 807 1407 903 *fedane

135 914 202 979 uiro
218 913 292 980 loco
309 913 481 995 emptionis
496 914 604 979 uxoris
620 913 849 982 afferebantur:
882 913 922 980 H
932 918 1005 998 178,
1022 919 1095 998 190,
1111 913 1145 980 X
1154 918 1230 998 472,
1246 915 1350 983 0318
1363 918 1404 984 al.

133 1022 249 1087 Aetate
274 1021 470 1105 procedente
493 1039 562 1087 mos
585 1022 742 1104 paulatim
764 1024 811 1088 ita
833 1028 978 1090 mutatus
1002 1027 1061 1105 est,
1096 1029 1132 1088 ut
1158 1025 1274 1089 mulier
1297 1025 1405 1090 dotem

132 1130 196 1194 viro
220 1127 335 1208 ferret,
360 1147 441 1212 quae
466 1133 524 1194 aut
546 1130 638 1196 initio
662 1135 719 1195 aut
742 1149 762 1194 a
785 1131 978 1213 quibusdam
998 1130 1180 1196 hominibus
1204 1131 1404 1217 (Aeolibus?)
1459 1129 1467 1143 ⁹

134 1237 244 1303 eodem
275 1236 404 1302 nomine
437 1233 518 1300 ίὸνο
541 1242 656 1303 vocata
679 1242 738 1318 est,
767 1237 856 1304 uelut
880 1260 903 1302 α
919 1240 983 1303 277
1000 1238 1053 1319 ah,
1088 1237 1179 1302 Pind.
1205 1237 1253 1304 01.
1277 1239 1332 1303 IX.
1353 1242 1405 1321 12,

134 1343 187 1408 sed
211 1342 250 1408 ci.
277 1345 376 1411 schol.
400 1343 442 1408 ad
465 1342 495 1409 h.
520 1343 581 1410 loc.
612 1341 693 1409 ἕὸνα
722 1342 784 1426 γὰρ
814 1343 967 1410 ὁιὸόααιν
992 1347 1025 1409 ot
1049 1342 1179 1426 ἀνὸρες,
1212 1343 1340 1428 φερνὰς
1369 1343 1406 1410 δὲ

134 1451 166 1514 αῖ
200 1455 360 1532 γυναῖκες
393 1448 464 1516 κτλ.
515 1450 610 1517 Iones
639 1452 727 1517 illam
755 1471 823 1519 rem
860 1453 999 1535 φερνήν,
1034 1452 1248 1518 Athenienses
1279 1457 1406 1534 ιιροῖκο

133 1576 244 1624 vocare
282 1564 466 1640 coeperunt,
502 1558 699 1641 reliquarum
735 1565 842 1626 autem
872 1561 1015 1642 gentium
1046 1560 1174 1625 nomina
1203 1558 1403 1642 nescimus¹).

134 1665 251 1731 Tamen
276 1685 317 1732 ex
340 1666 489 1750 analogia
510 1685 588 1734 usus
611 1666 713 1733 Ionici
736 1672 770 1733 et
786 1667 887 1733 Attici
911 1666 1059 1749 efficitur,
1084 1673 1120 1732 ut
1144 1685 1238 1733 sunm
1260 1685 1405 1749 quaeque

134 1792 246 1840 nomen
270 1773 468 1841 formaverit

237 1882 380 1960 Quacum
420 1901 455 1948 re
492 1881 589 1963 plane
628 1881 788 1948 consentit
825 1881 1038 1948 Athenienses
1077 1882 1111 1947 in
1149 1900 1227 1948 voce
1267 1882 1405 1965 φερνίον

134 1989 324 2070 „sportula“
349 1991 482 2056 eandem
506 1990 641 2071 stirpem
663 1989 760 2071 longe
784 1989 911 2056 diverso
935 2007 1032 2057 sensu
1054 2008 1238 2072 usurpasse.

556 2251 985 2321 ΑΜΦΙΒΛΗΣΤΡΟΝ.

237 2415 277 2483 ci.
303 2417 484 2484 Wittehind
507 2438 539 2501 p.
557 2419 609 2484 34.

236 2525 345 2591 Prom.
372 2528 411 2590 81
429 2526 514 2594 trim.
546 2527 738 2608 στείχωμεν,
769 2524 817 2606 ὡς
845 2522 1006 2589 κώλοισιν
1030 2521 1305 2607 ἀμφίβληστρ’
1331 2521 1404 2604 ἔχει.

134 2632 229 2697 schol.
262 2633 299 2698 ἐν
328 2634 408 2699 croci
440 2635 498 2699 καί
521 2634 617 2717 χερσί
645 2632 687 2698 τὰ
716 2630 823 2715 δεσμὰ
852 2631 927 2714 ἔχει.
980 2633 1038 2713 Ag.
1065 2634 1148 2695 1382
1173 2630 1287 2715 (1326)
1318 2632 1404 2697 trim.

135 2735 274 2822 ἀντειρον
299 2738 611 2824 ἀμφίβληστρον
636 2738 750 2821 ὥσπερ
775 2737 916 2821 ίχάνίων.
964 2737 1104 2820 Ohoeph.
1124 2740 1189 2802 492
1210 2736 1302 2823 (479)
1319 2737 1404 2805 trim.

135 2846 286 2930 μέμνησο
303 2845 335 2912 d’
354 2846 677 2932 ἀμφίβληστρον,
695 2844 723 2929 ᾧ
741 2850 773 2911 α’
791 2846 970 2913 ἐκαίνισαν.
1011 2842 1269 2928 ἀμφίβληστρον
1295 2849 1404 2921 „rete“

137 2958 192 3034 est,
217 2957 277 3022 sed
299 2957 518 3038 metaphorice
543 2956 639 3024 etiam
663 2955 702 3019 de
725 2955 860 3021 vinculis
884 2952 1068 3020 Promethei
1090 2958 1274 3035 usurpatur.
1314 2953 1408 3021 Simi-

136 3060 207 3125 liter
242 3064 462 3145 metaphorice
498 3063 594 3146 Soph.
625 3062 738 3129 Trach.
766 3063 849 3127 1052
879 3062 965 3127 trim.
997 3058 1160 3143 καάῆφεν
1195 3058 1302 3144 ὤμοις
1335 3066 1408 3142 τοῖς

137 3164 229 3250 ἐμοῖς
254 3218 314 3236 ...
339 3168 652 3254 ἀμφίβληστρον
675 3171 715 3237 de
738 3171 930 3237 vestimento
953 3169 1112 3250 Herculio,
1144 3170 1228 3251 quod
1251 3168 1406 3234 Deianira

139 3274 165 3338 ei
187 3276 285 3343 misit.
332 3277 375 3342 Et
397 3276 541 3362 Eurip.²)
568 3277 638 3359 Iph.
662 3279 757 3345 Taur.
774 3280 815 3343 96
839 3278 925 3342 trim.
953 3278 987 3343 τί
1013 3274 1166 3358 ὁρῶμεν;
1201 3272 1408 3359 ἀμφίβλη-

138 3396 233 3464 στρα
265 3382 328 3467 γὰρ
361 3386 485 3467 τοίχων
519 3383 603 3468 ὁρᾷς
628 3384 635 3472 Ι
660 3383 790 3468 ὑψηλά.
841 3385 1012 3469 Tragicnm
1041 3403 1219 3451 sermonem
1247 3383 1405 3466 Lycophr.

114 3562 116 3569 y
140 3486 405 3572 Al.1101‚1375
430 3494 586 3560 imitatur.

239 3599 374 3666 Praeter
404 3601 545 3683 tragicos
575 3605 688 3684 poetas
718 3618 827 3668 uocem
862 3604 970 3681 „rete“
1004 3598 1238 3680 significantem
1269 3598 1405 3681 legimus

138 3700 169 3767 iu
202 3704 363 3792 [Hesiod]
392 3713 471 3774 scut.
497 3710 561 3772 215
597 3707 664 3789 εἶχε
694 3706 731 3773 (λε’
762 3708 856 3791 χερσί
888 3710 893 3790 Ι
925 3705 1059 3791 ίχάνίσιν
1083 3703 1405 3789 ἀμφίβληστρον.

140 3808 267 3879 Scotum
291 3833 355 3881 non
378 3814 419 3880 ab
434 3815 586 3896 Hesiodo,
608 3817 666 3882 sed
682 3816 721 3880 ab
737 3815 845 3882 Ionico
862 3816 1000 3898 quodam
1016 3814 1176 3896 rhapsodo
1192 3814 1320 3879 saeculo
1334 3813 1405 3879 VII.

142 3927 274 3989 exeunte
298 3924 508 4006 compositum
533 3929 591 3989 est.
628 3924 707 3989 Tum
729 3924 848 3991 Herod.
866 3924 890 3989 Ι.
907 3925 967 3987 141
994 3920 1042 4002 ὡς
1066 3918 1104 3985 δὲ
1125 3919 1322 4004 aaronem
1344 3925 1406 4003 της

144 4022 286 4110 amotos,
310 4027 428 4114 λαβεῖν
452 4028 764 4114 ἀμφίβληστρον
786 4032 842 4095 καί
858 4027 1055 4113 περιβαλεῖν
1070 4046 1107 4094 τε
1122 4027 1259 4111 πλῆθος
1274 4024 1406 4092 ττολλὸν

241 4224 263 4293 1)
282 4224 379 4279 Strabo
395 4226 420 4280 X
439 4242 467 4296 p.
480 4228 532 4283 482
546 4225 585 4294 G,
603 4226 651 4281 nbi
670 4226 703 4279 de
716 4224 887 4279 Cretensium
906 4224 970 4278 dote
988 4223 1118 4293 loquitur,
1137 4238 1203 4276 suae
1221 4221 1320 4276 aetatis
1339 4236 1406 4275 roco

142 4304 219 4381 φερνή
237 4313 333 4379 utitur,
353 4316 426 4385 quod
444 4315 561 4371 fortasse
579 4316 634 4370 iam
653 4318 749 4369 auctor
768 4316 835 4383 eiua,
854 4314 990 4385 Ephorus,
1008 4314 1165 4384 scripserat.

239 4400 262 4472 ²)
288 4402 349 4459 Hel.
370 4407 439 4460 1070
466 4406 538 4461 trim.
566 4405 627 4459 loco
654 4406 784 4459 adiectivi
813 4404 1000 4476 ἀμφίβληστρα
1023 4444 1051 4458 ..
1075 4396 1143 4475 ῥάκη
1170 4402 1301 4469 traditur,
1333 4401 1406 4471 qnod

143 4491 324 4561 corrigendum
344 4496 386 4547 est
404 4510 458 4550 soc.
478 4496 530 4564 hg.
551 4498 602 4551 697
621 4496 704 4562 trim.,
723 4494 771 4549 nbi
791 4490 945 4566 ἀμφίρλητα
963 4488 1032 4566 ῥίνη
1051 4493 1188 4551 scribitur.
1225 4491 1318 4547 Verba
1337 4492 1408 4547 euim

142 4573 247 4652 itt-rpoo
266 4582 382 4639 formata
400 4585 633 4640 substantivorum
651 4586 706 4640 vim
724 4585 825 4641 habere
845 4585 942 4640 solent.
