3475 5250
815 323 1035 388 ..20-

397 497 523 580 ἀϊστος,
553 496 684 564 ἀϊστόω
712 499 776 564 iam
805 501 892 583 apud
914 501 1090 566 Homerum
1118 500 1268 581 leguntur
1296 518 1392 565 sensu
1421 502 1569 582 genuino

290 607 330 672 de
355 626 402 688 eo,
426 607 481 688 qui
505 607 646 689 conspici
662 625 725 672 non
741 611 859 689 potest.
900 605 1007 679 Ξ258
1032 609 1090 673 καί
1105 609 1143 671 κέ
1157 612 1191 689 μ’
1209 605 1327 672 ἄϊστον
1343 606 1405 671 ἀπ’
1423 606 1571 690 αίτϊίρος

291 709 419 795 ἔμβαλε
441 712 571 795 πόντῳ.
618 734 640 778 α
657 715 720 779 235
745 718 858 778 κεῖνον
882 713 946 796 μὲν
970 712 1089 780 ἄϊστον
1110 714 1283 796 ἐποίησαν.
1331 735 1353 778 α
1370 715 1435 779 242
1460 713 1568 797 οἴχετ’

294 817 426 900 ἀϊστος,
462 818 624 900 ἀαοστος.
671 842 692 885 κ
715 823 778 885 259
815 821 847 885 ol
875 819 908 886 δ’
938 819 1000 903 ἀμ’
1026 819 1251 903 ἀϊστσϊάησαν
1280 817 1429 902 ἀόλλεες.
1476 843 1498 886 ν
1524 825 1568 885 79

291 924 339 1008 ὥς
363 926 420 1009 ἔμ’
446 926 651 992 ἀϊστώσειαν
674 925 782 1012 (sicuti
805 928 947 994 Pandari
969 927 1080 1013 filias).
1125 928 1188 994 Ubi
1211 946 1325 995 sensus
1348 948 1450 1011 prope
1474 946 1570 994 acce·

289 1035 339 1100 dit
362 1035 583 1100 eductionem
601 1034 728 1100 delendi
752 1032 795 1121 (Ξ
814 1033 903 1120 258),
927 1041 1037 1101 tamen
1059 1037 1251 1102 subanditur
1274 1035 1468 1102 deletionem
1493 1034 1570 1100 fieri

291 1140 475 1207 occulendo.

397 1248 533 1314 Praeter
566 1248 743 1313 Homerum
775 1268 837 1315 vox
870 1250 992 1333 legitur
1021 1250 1106 1333 apud
1135 1250 1319 1330 Pindarum,
1352 1249 1570 1332 Herodotum,

290 1356 470 1435 Platonem,
496 1356 552 1437 qui
576 1356 606 1419 ei
630 1373 739 1421 omnes
762 1374 893 1421 sensum
916 1355 1076 1423 delendi
1098 1357 1254 1423 tribuunt.

397 1462 488 1528 Pind.
506 1462 598 1544 Pyth.
616 1462 668 1528 ΙΠ
683 1464 739 1528 37ε
769 1460 906 1528 πολλὰν
928 1460 999 1546 ὄρει
1021 1466 1091 1546 πῦρ
1115 1461 1152 1544 ἐξ
1172 1461 1249 1543 ἑνὸς
1273 1463 1469 1545 σπέρματος
1489 1464 1495 1539 Ι
1516 1464 1570 1530 ἐν·

290 1569 401 1654 θορὸν
425 1569 592 1635 ἀίστωσεν
620 1568 716 1638 ὕλαν.
763 1570 841 1635 Isth.
862 1570 924 1635 VII
947 1569 1018 1657 (VI)
1042 1573 1084 1634 43
1113 1571 1146 1635 in
1174 1571 1251 1636 libb.
1276 1576 1309 1636 et
1337 1570 1441 1635 altero
1466 1571 1571 1638 schol.

291 1677 490 1759 ἀνάοκομεν
512 1675 575 1759 γὰρ
603 1676 699 1758 ὁμῶς
734 1674 901 1757 ἅπαντας·
922 1676 928 1762 Ι
948 1675 1082 1760 ὁαίμων
1105 1675 1138 1742 d’
1165 1675 1282 1757 ἀϊστος
1327 1677 1361 1742 id
1389 1683 1440 1743 est
1473 1679 1573 1758 „For-

290 1791 370 1851 tuna
405 1784 635 1850 interficiens“.
687 1784 833 1850 Alterum
862 1783 1018 1850 scholium
1057 1785 1139 1867 legit
1174 1781 1271 1865 ἄϊσος
1307 1804 1390 1865 ,non
1427 1796 1571 1870 aequa“.

290 1893 410 1958 Herod.
432 1891 490 1958 ΙΙΙ.
515 1893 572 1956 69;
620 1889 833 1972 ἐπίλαμπτος
861 1888 900 1955 ἀὲ
928 1889 1133 1973 ἀφάσσουσα
1161 1889 1255 1956 ἔσται
1282 1888 1319 1955 εὖ
1347 1891 1482 1974 είὸίναι,
1521 1893 1574 1976 ὡς

293 1997 452 2063 ἀϊστώσει
489 2019 547 2079 μιν
585 2000 642 2083 (sc.
681 1999 864 2080 Phaedyme
903 1998 1091 2080 Smerdin.),
1129 1997 1188 2065 III.
1214 2001 1291 2063 127:
1332 1996 1573 2082 Ὀροίτης

292 2107 393 2169 τοῦτο
417 2103 480 2186 μὲν
504 2102 566 2168 ddo
589 2104 707 2186 ἡμέων
721 2104 869 2186 ἠίστωσε
888 2106 1065 2179 „necavit“.
1112 2105 1195 2170 Plat.
1212 2106 1300 2172 Prot.
1318 2106 1433 2171 321Αε
1458 2112 1573 2177 ταῦτα

293 2209 331 2276 ἀὲ
355 2211 547 2293 ἐμηχανᾶτο
571 2208 751 2294 εὐλάβειαν
774 2208 861 2293 ἔχων
884 2212 931 2293 μή
956 2229 987 2276 τι
1010 2212 1107 2292 γένος
1131 2209 1318 2294 ἀϊστωάείη
1343 2214 1400 2297 (sc.
1429 2212 1573 2298 Ἐπιμη-

292 2315 400 2400 doeg).
458 2318 552 2382 Plato
588 2317 644 2382 illo
679 2317 748 2383 loco
780 2317 992 2398 Protagoram
1029 2318 1206 2400 sophistam
1238 2319 1398 2385 dicentem
1433 2322 1573 2388 inducit.

289 2425 464 2492 Praeterea
479 2423 621 2491 fabulam
645 2423 685 2491 de
700 2425 892 2506 Epimetheo
917 2431 951 2490 et
973 2426 1165 2491 Prometheo
1189 2431 1310 2506 narrat,
1334 2427 1369 2491 in
1386 2446 1450 2509 qua
1467 2429 1572 2510 γένος

291 2531 432 2598 ἀϊστοῦν
456 2533 548 2616 quasi
572 2531 709 2597 formula
734 2535 831 2598 ctiam
859 2533 893 2596 in
917 2533 1086 2616 tragoedia
1108 2534 1214 2599 Prom.
1241 2535 1304 2597 232
1328 2534 1459 2616 legitur.
1511 2537 1575 2603 Go-

288 2641 390 2706 lorem
426 2642 587 2723 poeticum
623 2659 701 2723 prae
737 2659 772 2705 se
807 2640 916 2706 ferunt
945 2641 978 2705 in
1006 2640 1064 2704 illa
1093 2641 1278 2706 narratione
1306 2661 1338 2723 p.
1356 2641 1457 2708 3200
1481 2663 1574 2728 sqq.:

288 2745 332 2829 ἦν
361 2748 423 2831 γάρ
452 2766 537 2813 ττοτε
558 2746 684 2831 χρόνος
705 2800 712 2814 .
736 2797 743 2812 .
767 2800 774 2815 .
800 2745 915 2831 ἀνητὰ
942 2748 1020 2830 γένη
1038 2797 1046 2812 .
1064 2797 1098 2813 ..
1123 2749 1327 2830 εἱμαρμένης
1344 2803 1351 2816 .
1369 2798 1403 2814 ..
1434 2751 1574 2834 πτηνὸν

290 2854 424 2937 φυγὴν.
444 2852 582 2937 ..βορά
606 2860 639 2920 et
661 2855 764 2919 multa
787 2855 860 2920 alia.
898 2855 1044 2938 Denique
1061 2853 1198 2934 Ἀϊστος
1218 2856 1401 2937 appellatur
1419 2858 1575 2927 Minerva

289 2961 525 3048 Lamproclis¹)
549 2962 581 3026 in
605 2960 786 3043 fragmento
808 2962 932 3044 hymni:
961 2959 1132 3027 Παλλάὸα
1149 3010 1157 3025 .
1176 3010 1209 3025 ..
1235 2959 1355 3026 ἄϊστον
1377 2964 1573 3046 ααράίνον.

290 3068 328 3135 cl.
347 3069 534 3151 Buttmann,
560 3068 645 3135 lexil,
663 3069 687 3145 I,
711 3089 743 3151 p.
761 3071 825 3133 250
842 3074 920 3149 not,
945 3070 1001 3152 qui
1025 3067 1258 3134 circumscribit
1281 3067 1458 3138 ἀϊστοῦσα.
1500 3073 1576 3140 Vox

289 3178 376 3260 apud
401 3178 510 3260 epicos
534 3178 732 3244 recentiores
756 3177 841 3242 redit
868 3178 902 3241 in
926 3193 1028 3255 usum,
1065 3174 1103 3241 cl.
1129 3173 1188 3256 Ap.
1216 3174 1274 3237 Rb.
1299 3175 1343 3241 IV
1361 3179 1425 3241 746
1443 3177 1501 3258 al.;
1538 3182 1576 3248 in

291 3284 404 3368 lingua
428 3286 592 3352 communi
614 3304 685 3349 eam
709 3305 771 3351 non
795 3284 870 3365 legi.
918 3284 1009 3348 Adde
1032 3281 1120 3348 Suid.
1146 3299 1171 3345 s.
1188 3301 1215 3345 v.
1242 3279 1382 3365 ἀίστωρ·
1412 3281 1431 3347 ὁ
1456 3283 1577 3367 ἀγνὼς

287 3388 541 3474 ἢὸφονεύς.

396 3499 587 3565 Memoriam
611 3500 698 3565 vocis
722 3516 818 3581 quam
840 3495 1041 3563 brevissimis
1064 3493 1239 3559 delineavit
1262 3494 1450 3577 Buttmann,
1481 3498 1574 3566 lexil.

288 3605 304 3670 Ι
326 3624 359 3687 p.
379 3607 454 3672 250.
502 3607 670 3674 Proiectus
703 3613 753 3673 est
776 3626 796 3671 a
819 3602 1057 3685 significatione
1079 3599 1249 3682 primaria:
1279 3601 1378 3672 einer,
1408 3622 1471 3667 von
1497 3606 1575 3672 dem

287 3714 437 3780 niemand
455 3715 546 3779 mehr
563 3722 663 3782 etwas
680 3713 780 3792 weiss,
805 3712 908 3777 daher
922 3706 953 3782 Ξ
967 3710 1030 3773 258
1047 3706 1237 3773 vernichtet
1276 3706 1430 3773 Fortasse
1448 3713 1576 3779 rectius

287 3820 528 3903 proficiscemur
552 3842 572 3887 a
596 3819 850 3903 significatione:
889 3814 1114 3897 ,invisibilis“,
1150 3830 1244 3894 quam
1279 3813 1364 3893 apud
1392 3815 1606 3885 Homerum·

287 3930 435 3994 omnibus
470 3930 549 3995 locis
591 3932 813 3995 conservatam
853 3943 925 3989 esse
963 3920 1156 3988 testimoniis
1196 3938 1295 4002 supra
1332 3920 1443 3988 allatis
1485 3943 1577 3991 com·

287 4038 456 4117 probatur.
498 4037 673 4102 Homerum
696 4036 844 4100 imitatur
870 4029 1045 4111 Aeschylus
1068 4027 1159 4092 Eum.
1185 4026 1248 4089 565
1273 4025 1361 4091 chor.
1386 4058 1421 4078 =
1449 4050 1472 4093 α
1494 4035 1576 4116 242,

287 4143 392 4209 Prom.
411 4146 475 4208 910
493 4145 579 4210 trim.
603 4140 690 4216 :E
705 4144 780 4222 258,
798 4141 832 4206 id
848 4138 935 4222 qnod
950 4135 1106 4201 Franklin
1123 4134 1272 4215 cognovit
1287 4133 1320 4197 in
1337 4134 1579 4206 dissertatione

287 4268 387 4333 supra
411 4271 524 4318 comm.
573 4251 698 4317 (leteris
722 4248 812 4329 locis,
836 4246 893 4312 ubi
918 4244 1003 4326 apud
1027 4240 1219 4323 Aeschylum
1244 4236 1361 4320 ἀϊστος
1384 4242 1475 4309 valet
1500 4247 1579 4323 „in-

290 4463 501 4475 ’.ψ-.-

395 4586 419 4656 1)
436 4585 471 4643 ci.
489 4602 515 4640 v.
526 4586 715 4654 Wilamowitn,
734 4580 899 4652 Textgesoh.
919 4579 968 4633 der
985 4593 1026 4646 gr.
1046 4574 1161 4647 Lyrikor
1179 4589 1206 4643 p.
1219 4574 1304 4641 84³q·
