3475 5250
734 299 949 362 ..37-

202 496 333 547 sensum
380 478 468 562 apud
505 475 719 543 Athenienses
758 476 855 558 plane
892 475 1059 560 defecisse,
1094 481 1133 544 ut
1167 478 1355 546 Aristotelis
1390 499 1483 547 usum

191 607 232 671 ρ.
260 589 325 651 744
350 605 370 651 a
394 587 434 652 31
462 583 614 668 ἀκρατὴς
628 581 784 668 κεφαλῆς
801 585 887 652 inter
903 586 1060 653 Ionismos
1085 587 1154 654 eius
1171 591 1260 654 recte
1276 590 1481 672 computes).

306 695 367 761 Rei
391 694 585 777 explanandi
621 694 728 777 gratia
763 693 952 762 memoriam
987 695 1075 760 vocis
1109 697 1280 779 oppositae
1317 696 1482 781 ἐγκρατής

200 803 430 885 congessimus,
460 820 542 885 quae
567 802 702 867 eandem
727 819 841 869 sensus
872 803 1085 869 mutationem
1108 821 1207 887 passa
1230 809 1294 884 est3
1321 810 1373 870 est
1396 805 1481 871 enim

198 911 354 995 primarie
377 915 525 993 „Potens
550 910 710 991 validus“,
735 909 855 976 tralato
871 910 1095 991 „cont-inens“,
1120 929 1204 994 quae
1227 909 1481 993 significationes

198 1025 389 1101 temporum,
425 1037 487 1084 non
513 1018 725 1085 dialectorum
759 1018 887 1084 ratione
911 1019 1078 1085 seiunctae
1113 1023 1198 1085 sunt.
1246 1017 1329 1084 Nam
1358 1021 1390 1084 in
1414 1023 1482 1084 tra·

199 1127 326 1211 goedia,
364 1128 450 1209 apud
474 1127 684 1208 Herodotum,
721 1126 938 1210 Thucydidem
967 1126 1025 1191 illa
1048 1126 1146 1211 valet,
1170 1125 1252 1191 hanc
1276 1125 1368 1191 iuxta
1391 1126 1480 1192 illam

197 1236 273 1301 iude
297 1254 317 1300 a
339 1234 477 1301 Platone
501 1234 594 1319 legis.

306 1341 420 1410 Aesch.
438 1343 544 1409 Prom.
571 1343 613 1407 55
637 1341 724 1408 trim.
749 1341 943 1424 ἐγκρατεῖ
963 1337 1090 1407 odom.
1119 1339 1218 1423 Soph.
1237 1339 1316 1407 Oed.
1333 1345 1394 1423 tyr.
1414 1344 1477 1406 941

197 1451 283 1518 trim.
308 1448 405 1533 αὐχὸ
428 1448 580 1534 πρέσβυς
594 1446 758 1532 Πόλυβος
781 1448 981 1532 ἐγκρατὴς
1003 1446 1067 1528 εἶτα
1091 1449 1175 1514 Phil.
1193 1451 1233 1514 75
1258 1448 1345 1514 trim.
1370 1446 1480 1531 τόξων

198 1558 373 1642 ἐγκρατής,
410 1557 489 1625 Oed.
514 1556 582 1626 Ool.
611 1558 695 1622 1022
720 1557 806 1623 trim.
843 1556 1017 1639 ἐγκρατεῖς
1040 1559 1099 1640 (sc.
1122 1560 1193 1622 τῶν
1216 1554 1364 1638 παίδων)
1399 1559 1479 1641 φεῖ-

197 1685 304 1750 γασσι,
340 1666 488 1734 absolute
511 1666 586 1732 Ant.
612 1667 690 1750 474,
716 1668 780 1730 715
816 1666 903 1733 trim.
950 1664 1018 1731 Nec
1053 1665 1150 1731 aliter
1184 1664 1270 1748 Ibyc.
1301 1663 1364 1748 irg.
1391 1669 1420 1734 1.
1440 1669 1478 1733 10

198 1774 400 1858 ἐγκρατέως,
435 1774 621 1841 Herodotus
650 1773 737 1841 VIII.
767 1776 808 1838 49
841 1773 987 1857 χωρέων
1010 1771 1195 1856 ἐγκρατέες,
1231 1771 1288 1838 ΙΧ.
1315 1773 1378 1837 106
1414 1769 1478 1856 ὅκῃ

196 1885 258 1966 τῆς
287 1879 461 1964 Ἑλλάδος,
486 1885 549 1965 τῆς
571 1879 669 1947 αὐτοὶ
686 1881 863 1965 έγκρατέες
878 1879 976 1964 ἦσαν.
1023 1878 1224 1963 Thucydides
1247 1897 1376 1962 quoque
1400 1881 1479 1945 scri-

195 1986 245 2052 bit
267 1986 306 2052 V.
329 1988 371 2052 35
397 1985 430 2051 εἴ
451 2004 513 2051 σου
531 1983 639 2051 ἄλλον
656 1983 828 2068 ἐγκρατεῖς
843 1983 942 2069 ἦσαν,
966 1984 991 2050 1.
1012 1985 1074 2049 118
1098 1982 1163 2066 τὴν
1179 1983 1287 2067 ἀρχὴν
1302 1984 1478 2069 ἐγκρατεσ-

196 2095 299 2178 τέραν
314 2095 578 2178 κατεστήσαντο,
602 2095 627 2160 Ι.
653 2096 696 2158 76
713 2098 746 2160 et
769 2093 821 2159 VL
849 2095 892 2158 92
910 2092 1092 2176 ἐγκρατῶς.
1141 2094 1246 2176 Atque
1270 2094 1323 2160 hic
1348 2096 1477 2178 quidem

195 2219 274 2269 usus
314 2221 378 2269 non
417 2202 527 2286 periit,
573 2221 646 2267 nam
686 2206 896 2268 conservatur
938 2201 1026 2283 apud
1060 2201 1313 2268 Demosthenem
1352 2205 1476 2285 1062,

197 2311 286 2376 158
310 2309 353 2375 al.
377 2315 410 2378 et
432 2310 600 2394 Polybium
627 2313 655 2376 1.
673 2313 703 2376 6.
723 2311 753 2392 9,
779 2313 809 2376 7.
827 2313 857 2387 5,
883 2312 914 2374 9.
933 2311 952 2374 8
976 2308 1018 2376 ε1.
1065 2308 1145 2375 Inde
1169 2309 1342 2378 aPlatone
1364 2316 1474 2379 autem

194 2435 255 2483 vox
278 2415 475 2484 transfertur
510 2418 552 2485 ad
575 2419 675 2484 animi
707 2419 949 2500 continentiam,
985 2416 1074 2483 velut
1108 2417 1474 2488 dicitPhaedr.25613

194 2523 409 2607 ἐγκρατεῖς
444 2523 560 2591 αὐτῶν
587 2525 644 2592 καὶ
671 2525 804 2608 κόσμιοι
832 2522 939 2607 ὄντες,
975 2525 1071 2592 simil.
1100 2525 1199 2606 Legg.
1223 2526 1248 2590 1.
1274 2525 1390 2614 64511,
1428 2529 1475 2595 sic

193 2634 264 2700 voci
289 2632 440 2717 ἀκρατής
463 2635 639 2717 opponitur
655 2636 753 2719 Legg.
778 2633 833 2701 IV.
859 2635 960 2700 710A
984 2639 1059 2715 τοῖς
1080 2632 1145 2716 μέν
1168 2631 1364 2717 ἀκρατῶς
1387 2634 1474 2720 ἔχειν

192 2740 281 2825 πρὸς
310 2740 373 2823 τὰς
395 2738 525 2825 ἡάσνάς
553 2739 730 2825 ξάμφατον
761 2740 908 2823 ἐξανέεῖ,
944 2745 1019 2821 ταῖς
1053 2738 1091 2806 δὲ
1114 2740 1331 2824 ἐγκρατῶς.
1379 2744 1475 2811 Unde

191 2851 288 2917 ducta
317 2856 368 2917 est
393 2848 569 2932 ἐγκράτεια
593 2850 837 2932 „contineutia“
861 2848 931 2917 Pol.
955 2849 1012 2915 Ill.
1038 2849 1137 2913 390ss
1165 2847 1255 2932 πρὸς
1277 2849 1475 2934 ἐγκράτειαν

190 2957 315 3025 ἑαυτοῦ
349 2958 401 3025 u'el
428 2957 483 3025 IV.
514 2956 616 3023 Aaou
638 2955 777 3039 ἡάανῶν
799 2959 904 3022 τινῶν
932 2957 990 3023 καῖ
1013 2954 1208 3039 ἐπιθυμιῶν
1231 2956 1407 3041 ἐγκράτεια
1432 2959 1471 3025 ci.

190 3065 291 3133 Isocr.
317 3064 406 3150 πρὸς
421 3063 549 3149 Δημον.
575 3068 615 3131 21
642 3063 838 3147 ἐγκράτειαν
854 3062 958 3131 ἄσκει.
990 3064 1340 3148 Recentioredenique
1364 3071 1474 3135 aetate

190 3177 362 3256 utramque
396 3172 668 3256 significationem
702 3172 796 3256 legis.
856 3172 957 3240 Nobis
992 3192 1070 3239 vero
1108 3170 1182 3237 finis
1217 3171 1384 3240 faciendus
1423 3180 1475 3241 est

188 3281 284 3348 huius
308 3282 520 3367 quaestionis
556 3288 728 3365 postquam
752 3282 785 3347 in
817 3300 895 3349 voce
919 3281 1084 3365 ἐγκρατής
1117 3281 1150 3346 id
1180 3281 1473 3349 demonstravimus

193 3389 494 3458 testimoniissatis
518 3390 637 3469 multis
662 3390 746 3473 quod
778 3394 914 3473 propter
942 3389 1081 3456 fontium
1105 3389 1316 3473 exiguitatem
1338 3389 1371 3456 in
1395 3409 1473 3457 uoce

193 3492 346 3580 ἀκρατής
368 3498 433 3565 iam
457 3519 520 3566 nou
537 3499 744 3582 conspicitur,
770 3498 834 3565 etsi
851 3498 982 3564 dubium
1006 3517 1070 3563 non
1086 3502 1147 3578 est,
1171 3498 1250 3580 quin
1273 3497 1370 3565 huius
1385 3499 1473 3565 vocis

192 3604 339 3673 condicio
365 3607 451 3690 apud
473 3606 688 3674 Athenienses
712 3608 825 3675 eadem
848 3612 948 3689 atque
970 3605 1059 3671 illius
1082 3603 1191 3671 inerit.

570 3800 809 3884 ΣΑΦΗΝΗΣ,
841 3798 1092 3869 ΣΑΦΗΝΙΖΩ.

299 3947 384 4013 Num
419 3948 517 4014 etiam
543 3949 704 4031 σαφηνής
738 3950 870 4032 eiusque
907 3948 1054 4015 derivata
1081 3947 1209 4032 priscae
1231 3946 1359 4013 Atthidi
1383 3949 1471 4012 recte

194 4054 391 4136 tribuantur,
424 4056 457 4121 in
482 4056 614 4122 dubium
643 4075 759 4124 vocare
794 4075 858 4123 non
898 4056 985 4139 licet,
1027 4076 1096 4123 cum
1120 4074 1238 4122 nomen
1274 4053 1473 4120 abstractum

194 4160 216 4243 ἡ
242 4162 411 4245 σαφήνεια
446 4165 531 4247 apud
555 4164 725 4232 Platonem
750 4171 783 4232 et
806 4166 987 4233 Isocratem
1010 4166 1111 4247 legas.
1159 4165 1279 4231 Tamen
1304 4180 1357 4229 res
1381 4178 1473 4227 accu-

192 4316 404 4325 ...ψ-*-

297 4426 321 4497 1)
340 4426 393 4483 vix
421 4427 504 4481 aliter
521 4428 628 4483 iudices
657 4428 691 4483 de
710 4442 777 4481 uoco
797 4423 944 4499 προπετῆς,
975 4427 1010 4481 dc
1037 4442 1093 4497 qua
1112 4426 1263 4484 Wittokind
1292 4428 1386 4483 codem
1412 4427 1473 4481 loco

191 4516 333 4585 ffisscruit,
361 4532 443 4587 quam
463 4534 516 4572 non
534 4517 675 4587 tangimus
692 4518 747 4572 nisi
766 4517 976 4587 praetereundo,
996 4518 1098 4588 quippe
1117 4533 1187 4588 quaa
1215 4519 1289 4589 opud
1308 4515 1473 4587 Aeschylum

191 4604 272 4661 obvia
289 4622 345 4661 nou
364 4607 409 4663 sit,
