3475 5250
846 349 1066 412 ,86-

310 531 425 609 γορεῖ
449 526 507 592 καὶ
535 523 577 590 σὺ
607 529 747 591 σαυτοῦ.
794 526 884 606 Quae
908 546 978 592 curn
1003 527 1051 594 ita
1074 529 1150 609 sint,
1187 548 1227 593 ue
1251 527 1273 593 ii
1297 527 1437 611 quidem,
1474 527 1593 611 quide

310 634 451 700 dictione
476 632 671 718 Thucydidis
687 633 850 716 dubitent,
875 635 1072 702 contendent
1087 636 1257 702 Platonem
1274 637 1354 703 adeo
1372 633 1527 718 ῑωνίζαν,
1558 640 1598 701 ut

309 746 448 825 quatuor
471 741 537 807 illis
560 741 640 808 locis
665 742 705 808 ab
729 741 861 808 Ionibus
887 743 1038 826 pendeat.

416 849 495 916 Inde
535 849 575 915 ab
616 849 793 917 Aristotele
832 853 1019 933 κατηγορία
1061 851 1398 934 „praedicamentum“
1433 851 1593 916 terminus

309 976 405 1041 quem
435 957 547 1023 dicunt
570 958 737 1024 technicus
765 960 925 1025 sermonis
950 959 1165 1042 philosophici
1196 967 1255 1042 est,
1291 960 1370 1026 item
1393 962 1594 1041 κατηγορεῖν

311 1065 554 1148 ,praedicare“.
602 1065 686 1131 Num
711 1072 818 1134 autem
848 1066 935 1149 apud
960 1072 1106 1134 oratores
1130 1087 1256 1152 quoquc
1282 1068 1366 1133 hunc
1390 1085 1520 1133 sensum
1545 1086 1594 1132 re·

309 1174 430 1256 perias,
456 1173 588 1240 dubium
614 1181 673 1254 est,
709 1175 799 1240 velut
822 1174 989 1241 Demosth.
1015 1177 1068 1241 45.
1086 1176 1130 1240 20
1165 1173 1237 1240 ἔστι
1260 1172 1298 1240 dd
1321 1173 1417 1239 τοῦτ’
1442 1171 1528 1238 αὐτὸ
1552 1170 1592 1237 τὸ

311 1277 444 1363 δηλοῦν
473 1281 531 1345 καὶ
554 1285 824 1368 κατηγοροῦν,
859 1282 915 1348 uhi
939 1288 1113 1365 utrumqne
1142 1283 1275 1348 verbum
1299 1300 1362 1347 non
1387 1281 1472 1345 idem
1496 1280 1594 1355 valet,

313 1407 384 1454 cum
406 1391 586 1474 ,posterius
622 1389 787 1456 notionem
821 1392 942 1474 prioris
978 1396 1112 1472 augeat:
1157 1410 1239 1473 „res,
1283 1409 1366 1474 quae
1409 1388 1529 1470 prodat
1563 1392 1597 1452 et

311 1497 473 1557 accuset“.

418 1599 487 1665 Iam
511 1599 749 1682 concludamus,
779 1619 854 1667 nam
878 1601 913 1667 in
937 1606 1052 1683 aperto
1076 1605 1128 1666 est
1151 1601 1239 1667 vocis
1262 1604 1444 1685 κατηγορῶ
1467 1619 1596 1668 sensnm

310 1705 521 1789 originarium
546 1725 617 1774 esse
648 1708 894 1791 ,praedicars“,
923 1710 978 1793 qui
1003 1716 1149 1792 tempore
1184 1709 1382 1792 procedente
1408 1709 1528 1775 abierit
1562 1712 1596 1776 in

310 1815 450 1881 artiores
474 1812 554 1882 fines
579 1817 659 1882 certi
684 1821 718 1882 et
741 1815 867 1883 definiti
890 1818 1156 1899 praedicamenti,
1182 1817 1213 1882 id
1239 1826 1290 1884 cst
1313 1818 1541 1886 accusationis.

833 2082 1066 2151 ΑΚΡΑΤΗΣ.

418 2263 565 2347 Denique
589 2284 651 2331 vox
676 2262 827 2347 ἀκρατής
851 2265 963 2330 eadem
989 2266 1176 2334 condicione
1200 2267 1316 2349 utitur,
1353 2267 1415 2333 etsi
1439 2285 1502 2332 non
1527 2267 1597 2334 sine

309 2370 418 2438 lallaci
442 2371 511 2438 reri
535 2370 643 2452 specie
667 2367 916 2433 aWittehindio
941 2386 972 2449 p.
998 2370 1040 2433 22
1057 2370 1144 2435 inter
1159 2370 1286 2437 lonicas
1308 2371 1418 2452 posita
1441 2376 1501 2446 est,
1525 2390 1596 2436 curn
1622 2403 1626 2408 ·

309 2481 399 2548 etin
424 2479 595 2563 tragoedia
619 2484 652 2542 ct
676 2477 763 2559 apud
785 2475 882 2542 Iones
906 2475 1099 2543 adhibeatur
1123 2477 1163 2543 de
1184 2477 1315 2543 homine
1339 2477 1439 2544 debili
1462 2497 1597 2560 corpore

308 2588 470 2674 praedito,
507 2587 594 2671 apud
617 2583 835 2652 Athenienses
871 2589 981 2651 autem
1012 2584 1052 2650 de
1076 2579 1216 2670 homine,
1253 2585 1307 2668 qui
1332 2603 1366 2651 se
1391 2586 1496 2668 ipsum
1521 2605 1597 2653 con-

309 2699 414 2765 tinere
450 2715 514 2763 non
549 2696 663 2779 possit.
711 2693 755 2759 Et
776 2694 810 2759 id
833 2694 1016 2760 rectissime
1039 2694 1120 2761 vidit
1157 2694 1208 2761 vir
1233 2693 1291 2761 ille
1323 2694 1451 2776 doctus;
1486 2700 1595 2762 tamen

311 2825 395 2890 quae
418 2806 493 2871 inde
519 2802 684 2881 conclusit,
720 2800 808 2868 nullo
833 2792 928 2868 modo'
967 2803 997 2867 ei
1022 2803 1235 2870 concedimus.
1284 2802 1367 2867 Nam
1391 2820 1411 2867 a
1433 2804 1595 2886 principio

309 2913 419 2978 elucet
441 2930 515 2977 eum
540 2929 611 2977 esse
636 2908 777 2991 ἀκρατῆ,
803 2928 900 2992 quem
916 2910 1002 2977 uires
1026 2928 1085 2977 seu
1109 2911 1254 2993 corporis
1279 2928 1336 2977 seu
1361 2910 1460 2976 animi
1484 2909 1594 2977 defici·

307 3026 374 3101 ant,
401 3020 477 3104 quia
500 3039 565 3087 non
588 3018 709 3084 haheat
732 3017 868 3100 κράτος.
916 3018 1036 3098 Quodsi
1061 3018 1277 3084 Athenienses
1305 3018 1389 3086 hanc
1419 3038 1529 3085 rocem
1554 3019 1594 3084 ab

310 3148 393 3196 anno
418 3130 483 3194 420
507 3147 571 3196 non
595 3126 815 3193 adhibuerunt
838 3126 902 3193 nisi
924 3126 1046 3191 tralato
1070 3127 1110 3193 de
1134 3126 1234 3192 animi
1257 3126 1391 3209 viribus,
1427 3129 1489 3195 hoc
1513 3128 1594 3194 nihil

309 3238 427 3320 prohat
462 3237 502 3302 de
535 3233 706 3318 tragoedia
741 3251 804 3300 uno
840 3234 970 3300 saeculo
1006 3233 1123 3316 priore.
1184 3233 1299 3317 Itaque
1335 3253 1460 3317 sensus
1499 3255 1594 3318 quem

307 3343 492 3410 Wittehind
514 3346 610 3409 vocat
625 3340 778 3423 Ionicum,
804 3341 874 3406 sine
899 3340 996 3406 dubio
1017 3341 1192 3423 primarius
1216 3346 1276 3423 est,
1303 3344 1427 3409 Atticus
1445 3344 1593 3425 tralatus,

309 3458 436 3534 utres,
472 3452 499 3518 si
525 3467 692 3532 compares
716 3465 810 3515 uoces
836 3445 1044 3531 ἀμφιόέξιος,
1079 3450 1279 3533 μεααίχμιος
1302 3469 1401 3533 supra
1423 3456 1592 3533 tractatae,

308 3562 342 3628 in
364 3560 426 3626 hoc
450 3559 547 3626 verbo
571 3558 668 3641 plane
693 3556 845 3640 opposita
868 3557 936 3625 sit..
965 3556 1112 3640 Namque
1135 3557 1193 3622 illa
1218 3556 1466 3640 significationis
1489 3564 1593 3624 muta-

307 3670 396 3736 tione
433 3666 584 3751 efficitur,
620 3673 657 3731 ut
695 3663 847 3748 ἀκρατής
885 3664 1041 3743 „dobilis“
1077 3666 1121 3731 sit
1156 3683 1325 3733 commune
1353 3668 1497 3749 verbum,
1523 3668 1594 3749 „in-

308 3776 498 3843 continens“
534 3780 643 3841 autem
676 3773 888 3856 peculiariter
916 3773 1070 3839 Atticum.
1117 3773 1230 3856 Neque
1265 3773 1398 3841 dubium
1422 3779 1483 3856 est,
1522 3794 1593 3840 cum

307 3885 415 3951 Attice
450 3884 661 3967 loquerentur
698 3880 849 3963 ἀκρατής
882 3877 1001 3963 ovpoa
1031 3881 1170 3965 (Plato),
1200 3879 1304 3964 ὀργῆς
1335 3882 1477 3967 (Thus),
1514 3884 1591 3967 quin

307 3991 502 4059 vetustiores
528 3990 670 4056 dixerint
695 3986 847 4070 ἀκρατὴς
869 3986 1028 4070 γλώσσης
1051 3988 1196 4074 (Aesch.)
1223 3990 1300 4074 „qui
1322 3990 1433 4071 lingua
1456 3990 1504 4055 uti
1528 4010 1592 4056 non

306 4102 438 4186 potest“
462 4099 513 4166 vol
539 4097 684 4181 ἀκρατὲς
699 4101 807 4181 γῆρας
822 4095 948 4180 (Soph.)
973 4102 1145 4178 „senectus
1163 4098 1379 4163 membrorum
1396 4100 1591 4182 impotens“.

305 4210 383 4276 Loci
406 4213 482 4275 sunt
504 4208 591 4290 apud
615 4208 713 4273 Iones
730 4204 940 4289 Hippocratis
964 4204 1128 4287 permulti,
1154 4205 1270 4288 quibus
1295 4225 1397 4290 nuper
1421 4226 1461 4273 en
1483 4207 1590 4273 titulis

306 4317 437 4383 additus
473 4322 524 4382 est
559 4314 646 4380 e-B.
678 4313 736 4379 111.
767 4315 796 4392 2,
824 4313 921 4377 5461.
942 4313 982 4377 15
1016 4312 1153 4380 Thasius
1189 4310 1307 4399 (ὅρκος
1332 4314 1407 4396 etc.)
1443 4313 1590 4400 ἀκρακ[ῆ

309 4422 414 4512 ἔστω]
450 4443 511 4506 „ne
542 4423 707 4504 ruleant“,
742 4419 820 4488 ibid.
847 4422 996 4487 5653αὸ
1022 4419 1122 4486 Chius
1158 4419 1215 4502 ὃ]ς
1241 4418 1304 4502 τὰς
1328 4424 1453 4505 αρήσις
1488 4422 1591 4506 ἀκρα-

307 4530 421 4617 τέα[ς]
455 4535 547 4613 ποιῇ.
591 4531 685 4613 Apud
716 4528 860 4612 tragicos
885 4534 1000 4611 poetas
1035 4534 1113 4594 sunt
1134 4530 1249 4596 Aesch.
1275 4530 1382 4596 Prorn.
1408 4532 1473 4595 884
1498 4532 1589 4615 (882)

307 4656 400 4719 anap.
425 4636 524 4721 Soph.
549 4637 627 4711 Oed.
654 4636 725 4711 Ool.
754 4640 838 4703 1236
856 4638 942 4703 chor.
990 4637 1061 4703 Non
1078 4656 1232 4720 negamus
1249 4638 1383 4705 ¹scilicet
1398 4639 1588 4722 primarium
