3475 5250
798 293 1037 371 za*

295 472 458 564 ἐπιστολή
493 486 602 548 autern
625 480 778 551 undecies
815 485 855 550 da
879 485 1032 568 epistula,
1068 487 1169 553 semel
1201 490 1332 553 tantum
1359 483 1402 552 de
1424 482 1576 553 mandato

297 588 370 674 Oyr.
395 589 472 657 inst.
498 590 528 654 5.
548 591 577 654 5.
597 593 627 658 4.
652 590 741 657 κατὰ
763 591 827 675 τὴν
850 589 969 676 Κύρου
993 591 1230 677 ἐπιστολήν.

403 698 498 782 apuu
520 699 720 768 recentiores
737 719 849 770 omnes
866 700 1030 785 ἐπιστολή
1055 703 1095 770 de
1111 702 1243 783 litteris,
1260 701 1377 769 latim
1398 702 1576 786 epistula

294 805 327 871 in
350 823 412 872 usu
435 810 495 888 est,
521 825 593 873 cum
607 809 795 876 mandatum
817 815 953 876 vocetur
968 807 1102 893 ἐντολή,
1125 819 1163 877 nt
1185 821 1250 878 non
1273 811 1344 878 sine
1360 827 1458 877 eausa
1473 811 1575 892 scrip·

293 918 362 980 tum
396 913 441 980 sit
474 915 541 981 seh.
565 915 672 982 Prom.
697 917 717 984 3
746 915 824 1002 δίχα
853 919 960 1002 φασὶν
997 915 1176 1002 Ἀθηναῖοι
1211 916 1394 998 ἐπιστολὰς
1427 919 1486 983 καὶ
1522 916 1573 982 ἐν·

293 1019 408 1101 votos.
454 1021 522 1089 Nec
545 1023 678 1096 verbum
701 1021 891 1091 ἐαιστέλλαι
926 1025 1022 1092 aliter
1045 1031 1221 1109 usurpatur
1255 1026 1318 1092 nisi
1342 1025 1383 1092 ds
1406 1025 1575 1091 mittendis

293 1129 414 1196 litteris
437 1129 551 1197 aliisve
578 1131 684 1199 rebus.
694 1131 721 1219 1)

400 1235 471 1304 Iam
493 1239 535 1304 ad
558 1237 686 1304 initium
700 1239 933 1322 disputationis
948 1241 1057 1307 redire
1079 1240 1167 1323 licet,
1193 1245 1366 1324 postquam
1381 1240 1577 1308 testimoniis

295 1345 540 1428 comprobatum
564 1351 615 1413 cst
639 1344 802 1429 ἐπιστολή
838 1365 949 1415 vocem
973 1354 1008 1416 et
1041 1349 1075 1414 in
1099 1349 1271 1430 tragoedia
1306 1353 1340 1416 et
1373 1348 1460 1430 apud
1482 1347 1577 1413 Iones

296 1471 368 1520 esse
391 1454 590 1535 mandatnm,
626 1455 717 1520 cuius
745 1454 995 1538 significationis
1018 1457 1198 1540 exemplum
1223 1457 1346 1524 nullum
1370 1456 1457 1539 apud
1481 1455 1580 1520 Athe·

295 1561 424 1628 nienses
452 1563 626 1646 reperitur,
663 1564 749 1646 quod
772 1564 806 1629 in
831 1564 964 1630 dubium
988 1570 1136 1632 vocatum
1159 1583 1224 1631 non
1248 1567 1301 1631 sit.
1349 1564 1472 1630 Tamen
1494 1564 1578 1629 hanc

296 1670 383 1736 inter
405 1670 530 1752 priscas
553 1670 680 1738 Atticas
704 1671 882 1754 posuimus,
911 1691 986 1738 nam
1010 1674 1149 1756 primum
1173 1673 1303 1758 quidem
1327 1673 1361 1738 in
1384 1671 1483 1738 verbo
1508 1669 1578 1736 ἐστο

297 1774 431 1844 στέλλω
454 1779 629 1845 mandandi
653 1779 744 1845 notio
761 1779 1015 1846 Atheniensibus
1041 1786 1198 1846 consueta
1220 1779 1298 1856 iuit;
1321 1785 1392 1844 tum
1415 1795 1494 1845 vero
1515 1779 1582 1861 sig-

296 1882 500 1952 sificationes
536 1903 635 1968 supra
659 1892 931 1954 commemoratae
964 1888 1013 1952 ita
1035 1888 1122 1954 inter
1145 1905 1182 1954 se
1205 1887 1389 1968 cohaerent,
1418 1891 1457 1952 ut
1479 1885 1583 1969 tragi-

297 1991 442 2059 eeienica
475 1991 632 2076 primaria
666 1994 817 2062 videatur
850 1993 961 2076 fuisse,
998 2013 1038 2060 ex
1071 2013 1136 2079 qua
1160 1995 1270 2062 Attica
1299 1993 1388 2061 iacta
1411 1999 1472 2076 est,
1510 2012 1583 2060 cum

297 2100 388 2166 notio
411 2101 556 2166 mandati
572 2100 807 2168 transferretur
829 2103 872 2168 ad
887 2108 1012 2168 centnm
1027 2103 1189 2186 quoddam
1217 2103 1415 2184 mandatum,
1439 2103 1474 2168 id
1495 2102 1582 2185 quod

296 2205 368 2273 loco
404 2207 648 2276 Trachiniarum
690 2211 771 2276 satis
807 2211 1052 2294 comprobatum
1089 2216 1147 2278 est.
1213 2210 1310 2277 Nullo
1351 2211 1452 2294 igitur
1485 2209 1580 2275 modo

299 2311 462 2398 ἐπιστολή
485 2318 715 2397 „mandatum“
742 2338 761 2384 a
784 2319 893 2401 prisca
914 2320 1159 2387 Atheniensium
1184 2317 1416 2386 consuetudine
1441 2318 1581 2385 alienum

298 2428 379 2507 crat,
404 2430 503 2508 atque
527 2425 687 2509 epistulae
712 2427 982 2509 significationem
1005 2427 1056 2494 his
1080 2428 1159 2494 solis
1182 2428 1394 2494 vindicamus.

811 2693 1066 2767 ΚΑΤΗΓΟΡΩ.

406 2872 485 2940 Gum
519 2875 581 2941 hoc
615 2875 686 2942 loeo
710 2878 933 2959 quaestionem
958 2878 999 2943 de
1023 2874 1207 2959 significatu
1242 2894 1356 2945 vocum
1380 2874 1581 2957 κατήγορος,

296 2980 495 3063 κατηγορέει)
519 2982 739 3064 adnectamus,
764 3003 802 3051 eo
826 2985 898 3066 ipso
915 2984 1094 3051 indicamus
1119 3002 1231 3049 earum
1255 2981 1444 3050 memoriam
1468 2981 1581 3047 eadem

299 3086 487 3154 condicione
512 3090 562 3154 uti
586 3096 684 3172 atquc
705 3092 966 3157 antecedentium
983 3109 1103 3158 vocum
1154 3086 1356 3173 Κατήγορος
1378 3088 1466 3171 apud
1483 3088 1583 3153 Athe·

302 3196 432 3263 nienses
455 3196 484 3262 is
508 3202 567 3279 est,
604 3198 660 3280 qui
683 3204 824 3279 accusat,
849 3203 1052 3281 κατηγορεῖν
1075 3198 1177 3280 igitur
1200 3215 1365 3279 accusare,
1395 3211 1461 3276 qua
1484 3193 1524 3259 de
1547 3210 1584 3257 re

299 3302 401 3370 verba
433 3302 542 3371 iacere
575 3304 708 3388 longum
732 3311 792 3372 est.
838 3306 875 3371 In
911 3306 1082 3387 tragoedia
1106 3312 1215 3371 autem
1250 3303 1381 3371 vocibus
1410 3302 1476 3368 iilis
1500 3300 1583 3367 alius

299 3420 414 3479 sensus
455 3413 577 3495 subest,
619 3414 659 3479 de
699 3431 762 3496 quo
804 3414 899 3480 nobis
934 3412 1158 3481 disserendum
1193 3419 1251 3480 est.
1315 3412 1379 3479 Sed
1418 3410 1584 3476 videamus

299 3520 497 3588 testimonia.

411 3628 526 3695 Aesch.
563 3628 652 3712 Sept.
689 3631 753 3695 439
790 3630 884 3714 (att)
920 3630 1006 3695 trim.
1049 3632 1121 3695 τῶν
1152 3648 1206 3695 τοι
1240 3628 1399 3711 ματαίων
1439 3619 1584 3706 ἀνόράσι

301 3736 581 3819 φρονημάτωνὴ
611 3734 745 3818 γλῶασ’
781 3734 920 3821 ἀληθὴς
941 3739 1087 3819 γίγνεται
1109 3738 1348 3820 κατήγορος
1384 3733 1517 3817 „lingua
1546 3729 1586 3795 fit

407 3896 429 3966 ¹)
447 3897 511 3953 Non
530 3898 559 3953 in
572 3900 694 3953 nostram
705 3896 895 3967 quaestionem
905 3896 1008 3953 eadunt
1018 3913 1081 3953 cum
1089 3890 1274 3962 ἐπιστολάδην
1288 3891 1428 3965 [Hesiod]
1441 3893 1512 3945 seut.
1523 3892 1587 3955 282.

300 3985 375 4061 quod
407 3986 519 4043 ductum
550 3990 594 4041 est
624 3987 657 4041 da
689 4002 756 4040 voce
790 3981 885 4053 σιολιί,
915 3988 1074 4041 vestimenti
1105 4000 1215 4055 genero,
1248 3988 1306 4039 tum
1325 3978 1486 4039 ἐπιστολεύς
1514 3979 1586 4035 Xon.

298 4067 369 4127 Heli
394 4075 416 4126 1.
433 4074 504 4130 aas
523 4088 607 4143 susp„
626 4071 699 4127 Plut.
720 4072 782 4142 Lys.
802 4070 952 4135 7‚P011u1.
971 4072 994 4126 Ι.
1014 4075 1057 4136 96,
1077 4072 1124 4141 qui
1144 4068 1264 4124 secundo
1283 4069 1345 4123 loco
1364 4069 1481 4123 classem
1499 4068 1586 4124 Lace-

299 4161 501 4217 daemoniorum
516 4162 605 4217 iussit.
645 4156 742 4219 στόλος
755 4166 886 4230 „agmen“
897 4162 1044 4231 praecipue
1058 4161 1092 4215 de
1106 4160 1188 4215 classi
1196 4161 1348 4229 usurpatur
1367 4158 1404 4212 ei.
1414 4158 1515 4215 Herod:
1526 4159 1549 4213 Ι.
1560 4163 1586 4229 d,

299 4250 333 4307 V.
352 4254 397 4320 43,
415 4251 485 4309 Xan.
505 4251 567 4324 Oyr.
587 4256 612 4310 3.
630 4255 708 4316 Ι.19,
729 4252 806 4306 ouius
826 4250 882 4305 dux
900 4250 949 4304 ἐπὶ
966 4253 1015 4303 τοῦ
1033 4249 1133 4305 στόλον
1151 4253 1202 4313 est,
1221 4248 1299 4303 reiut
1312 4247 1417 4304 Gracco
1435 4247 1493 4302 dici
1512 4248 1588 4303 solet

299 4342 328 4392 el
345 4339 393 4393 tur
412 4344 467 4394 τῶν
484 4337 661 4417 πραγμάτων,
687 4339 702 4393 ὁ
726 4342 773 4395 ἐπὶ
793 4342 840 4393 τοῦ
858 4334 1022 4411 ὀρύγματος,
1048 4336 1418 4404 &tarracinensem
1443 4338 1590 4409 hyponam

301 4426 421 4497 quadam
439 4426 600 4491 ἐπιστολεύς
616 4430 721 4485 factum
741 4432 792 4493 est,
811 4426 888 4481 velut
906 4424 1077 4499 ἔπιγραφεύτ
1095 4443 1151 4483 non
1169 4428 1195 4482 is
1213 4431 1264 4494 ost,
1284 4427 1332 4499 qui
1349 4424 1511 4499 ἐπιγράφει,
1538 4426 1590 4482 ssd

301 4516 349 4585 qui
379 4518 423 4570 ini
451 4522 500 4573 τοῦ
521 4517 648 4592 γράφειν,
677 4512 966 4587 encomiasticum
984 4519 1123 4588 εἰσφέρειν
1144 4516 1302 4589 (Harpocr.)
1321 4519 1364 4571 est
1383 4513 1589 4589 chamoeactis

299 4604 370 4661 Xan.
385 4606 457 4661 Hall.
478 4611 585 4668 6.4.14
605 4605 638 4679 „ci
659 4604 711 4662 σὺν
730 4610 767 4679 τῇ
785 4606 877 4676 φορῷ*
897 4606 925 4661 id
939 4609 981 4661 est
994 4622 1093 4671 comes,
1111 4622 1174 4663 nam
1188 4602 1264 4679 φορά
1277 4608 1335 4663 fors
1347 4606 1420 4661 idem
1438 4622 1471 4660 ae
1484 4599 1587 4665 στόλος.
