3475 5250
778 313 1027 378 -110—

278 521 280 526 ·
320 546 322 552 ,
369 491 459 558 Ηαεο
487 489 641 558 habemus
672 491 712 556 de
736 490 867 558 vocibus
892 491 1064 574 Siceliotis,
1100 509 1183 575 quse
1207 495 1348 559 certiora
1369 500 1455 579 sunt,
1482 513 1544 569 ,re-

264 599 354 684 liqua
377 605 436 665 sut
459 600 584 666 incerta
607 604 664 664 aut
686 599 785 682 plane
809 618 872 666 non
897 598 1080 666 Siciliensis
1104 599 1301 684 iudicamus3
1328 608 1437 668 tamen
1462 622 1544 685 opus

265 713 316 773 cst
340 725 450 774 eorum
473 726 570 791 qnam
592 706 792 774 brevissimis
816 708 1013 774 mentionem
1036 706 1143 774 iacere
1165 707 1347 792 verborum,
1376 728 1459 794 quae
1482 709 1544 775 viri

263 815 354 881 docti
379 814 551 882 Siceliotae
576 815 800 883 consuetudini
824 815 1091 901 attribuerunt,¹)
1120 835 1160 882 ne
1190 835 1249 884 nos
1271 816 1386 899 fugiat,
1416 817 1444 884 si
1468 817 1547 901 quid

262 923 331 990 veri
354 923 419 992 illis
445 922 638 991 coniecturis
662 925 750 991 insit.
1197 910 1202 923 ’

369 1025 499 1112 λίπος
521 1051 582 1099 vox
606 1033 691 1114 apud
715 1031 908 1116 Aeschylum
931 1032 1027 1099 obvia
1050 1032 1109 1116 Ag.
1134 1033 1199 1098 289
1223 1032 1317 1116 (270)
1340 1033 1427 1098 trim.
1454 1030 1545 1115 πρὸς

270 1132 433 1219 Ἑρμαῖον
468 1136 612 1221 λίπος,
654 1142 718 1206 298
743 1138 835 1226 (285)
860 1140 947 1209 trim.
983 1137 1073 1223 πρὸς
1106 1137 1328 1223 Κιθαιρῶνος
1361 1136 1492 1221 λέκος
1525 1159 1547 1205 a

267 1243 513 1312 Wilamowitzio
554 1247 587 1312 in
628 1247 842 1330 suspicionem
884 1248 1019 1331 originis
1054 1247 1233 1314 Siciliensis
1269 1251 1384 1314 vocatu
1419 1253 1471 1314 est
1505 1247 1546 1314 cl.

263 1351 413 1418 Heracl.²
437 1353 478 1420 IL
503 1374 534 1438 p.
561 1357 637 1437 345,
673 1355 749 1439 qnia
772 1357 803 1421 in
829 1356 902 1438 ipsa
926 1356 1065 1424 Graecia
1099 1361 1247 1422 emortua
1282 1361 1413 1422 servata
1446 1356 1490 1421 sit
1513 1356 1547 1421 in

248 1459 386 1546 Sicilie,
410 1463 466 1528 uhi
484 1461 642 1546 Ἀκραῖον
657 1460 767 1545 λέπας
787 1464 918 1532 aThuc.
939 1465 1009 1532 VII.
1029 1466 1071 1530 78
1095 1469 1378 1531 commemoratum
1394 1464 1436 1530 ad
1451 1462 1547 1547 Syra·

264 1585 358 1634 cusas
388 1569 485 1636 situm
515 1577 596 1638 erat.
643 1572 760 1639 Exstat
788 1572 916 1655 quidem
947 1591 1008 1639 uox
1036 1576 1208 1654 practerea
1235 1571 1322 1653 apud
1351 1570 1548 1638 Simonidem

262 1673 325 1756 frg.
352 1679 462 1742 114.1
495 1676 607 1766 Ἠερίη
631 1677 805 1764 Γερόνεια,
829 1678 937 1745 κακόν
960 1677 1069 1761 λέκος
1092 1687 1127 1745 et
1149 1679 1236 1761 apud
1258 1677 1448 1761 Euripidem
1471 1698 1546 1761 per·

262 1801 362 1866 saepe
385 1785 475 1852 velut
497 1786 594 1854 Herc.
622 1790 682 1853 121
710 1788 795 1854 chor.
822 1786 883 1869 lrg.
908 1787 1023 1854 411.2
1047 1786 1100 1868 al,
1126 1786 1224 1852 etiam
1249 1783 1393 1867 λεπαίας
1414 1785 1545 1869 Hippoi.

265 1893 351 1958 1248
375 1892 460 1958 trim.
486 1892 527 1959 al.
574 1894 722 1978 Denique
746 1894 945 1961 recentiores
970 1898 1085 1976 poetae
1109 1912 1218 1961 vocem
1243 1892 1406 1962 exhibent.
1438 1891 1549 1975 λέπας

264 2015 382 2081 aspera
418 2019 515 2084 rupes
551 2010 611 2084 est,
650 2002 688 2068 cl.
725 2002 913 2069 Prellwitzii
947 2001 1009 2066 lex.
1037 2021 1064 2067 s.
1081 2022 1122 2082 v,
1159 2001 1245 2084 apud
1275 2001 1471 2084 Aeschylum
1506 2003 1547 2070 de

265 2106 351 2173 saltu
375 2115 541 2192 usurpata,
578 2116 676 2194 atque
707 2111 736 2176 is
760 2130 851 2178 error
875 2110 1121 2177 Wilamouitnio
1157 2109 1381 2192 gravissimam
1417 2128 1547 2176 causam

264 2215 496 2299 suppeditavit,
526 2236 583 2284 cur
606 2218 737 2285 aliunde
760 2219 781 2285 i.
800 2239 826 2284 e.
858 2239 898 2284 ex
922 2217 1033 2285 Sicilia
1061 2237 1132 2285 eom
1156 2218 1293 2300 petitam
1318 2235 1389 2284 esse
1414 2222 1547 2284 conten·

263 2322 365 2390 deret.
414 2323 473 2390 Oui
497 2327 679 2392 sententiae
703 2327 890 2393 acutissime
915 2326 1100 2408 disputatae
1124 2324 1207 2390 nihil
1230 2325 1350 2406 obstat,
1375 2325 1438 2390 nisi
1460 2325 1548 2407 quod

263 2429 304 2497 oh
327 2431 501 2500 Simonidis
525 2438 559 2500 et
581 2433 747 2518 Euripidis
782 2434 971 2501 testimonia
1008 2452 1117 2500 vocem
1153 2433 1239 2499 inter
1275 2432 1399 2515 priscas
1431 2438 1464 2498 et
1492 2430 1548 2498 ob·

124 2615 126 2620 ¹
264 2538 385 2606 soletas
410 2539 552 2607 Graecas
574 2560 696 2624 ponere
719 2539 943 2624 praeferimus.

370 2647 433 2715 Vel
474 2650 623 2731 grauiore
664 2668 760 2717 causa
800 2650 916 2717 adduci
956 2651 1049 2717 nobis
1093 2650 1154 2717 visi
1192 2668 1317 2730 sumus,
1360 2656 1398 2715 ut
1437 2667 1546 2716 vocem

262 2756 444 2840 γαμόρος
466 2758 553 2823 inter
577 2756 765 2826 Sicilienses
789 2777 993 2842 poneremus,
1018 2777 1101 2841 quae
1124 2758 1211 2841 apud
1234 2757 1427 2841 Aeschylum
1450 2756 1546 2824 obvia

264 2868 315 2928 est
338 2863 450 2947 Suppl.
478 2868 541 2931 613
568 2867 660 2952 (594)
691 2868 777 2934 trim.
809 2864 870 2932 τὸν
898 2865 946 2949 μὴ
975 2863 1202 2949 βοηθήσαντα
1229 2863 1340 2931 υῶνόε
1367 2864 1546 2948 γαμόρων;

263 2968 355 3035 Εαιῐι.
382 2973 447 3036 890
472 2973 563 3058 (872)
599 2976 682 3039 trim.
721 2971 825 3056 τῆσδε
859 2973 1001 3056 γαμόρῳ
1035 2970 1167 3056 χόονός
1206 2973 1310 3058 (ιοόό.
1343 2977 1375 3054 γ’
1400 2972 1544 3055 ἀμοίρου

263 3077 369 3142 restit.
386 3078 579 3163 Dobraeus)‚
604 3079 720 3163 quibus
736 3080 815 3147 locis
833 3082 981 3147 addimus
997 3081 1058 3163 lrg.
1075 3086 1159 3163 trag.
1176 3082 1287 3163 adesp.
1306 3081 1370 3145 205
1396 3077 1546 3162 ἐμιιεόὴς

264 3184 416 3267 γαμόρος
437 3185 578 3269 μόριμον
614 3183 734 3269 Ἇίόης.
782 3186 852 3252 Hac
876 3188 915 3252 de
945 3206 1022 3254 voce
1045 3188 1231 3253 Herodotus
1260 3188 1362 3252 tradit
1385 3186 1455 3253 Vll.
1482 3186 1544 3250 155

264 3290 346 3375 τοὺς
368 3293 575 3377 γαμόρους
597 3292 828 3377 καλεομόνους
851 3298 922 3361 κῶν
938 3292 1206 3377 Συρηκοσίων
1222 3293 1440 3375 ίκκιεσόντας,
1465 3311 1545 3376 quos

266 3402 441 3486 Dionysius
465 3402 540 3469 Hal.
566 3402 652 3469 arch.
678 3402 717 3469 R.
743 3405 771 3468 6.
791 3404 836 3467 62
860 3409 955 3469 vocat
982 3401 1020 3467 ἐν
1048 3400 1284 3485 Συρακούσαις
1312 3402 1344 3467 oi
1367 3401 1543 3484 γεωμόροι.

263 3509 381 3575 Forma
405 3510 610 3590 Syracusana
639 3515 726 3576 certe
753 3508 815 3577 fuit
839 3510 993 3594 γαμόρος
1014 3507 1055 3575 cf.
1085 3510 1256 3593 γαμίυρος
1276 3508 1333 3575 IG.
1358 3508 1443 3574 XIV.
1470 3508 1544 3586 645,

249 3614 286 3681 y,
315 3618 378 3681 187
405 3617 452 3700 (6.
480 3617 517 3683 Β.
542 3617 601 3688 111.
627 3620 657 3700 2,
683 3618 795 3702 4629),
832 3638 915 3702 quae
949 3624 1087 3702 propter
1114 3624 1137 3683 ᾱ
1167 3636 1272 3704 neque
1300 3617 1411 3683 Ionica
1441 3632 1545 3699 neque

265 3724 374 3790 Attica
398 3730 458 3791 est.
504 3726 625 3793 Tamen
652 3726 772 3794 blanda
795 3727 904 3810 speeie
927 3727 1114 3809 decipimur,
1150 3744 1239 3812 nam·
1253 3725 1392 3807 primum
1417 3723 1546 3806 quidem

264 3831 441 3916 Aeschylus
465 3851 576 3901 omnes
592 3852 687 3901 voces
711 3853 731 3899 a
754 3835 857 3918 stirpe
872 3853 953 3916 γεω·
977 3834 1170 3917 incipientes
1193 3854 1250 3915 γα·
1266 3831 1399 3915 scripsit
1414 3833 1545 3913 praeter

263 3940 406 4023 γηγενής
433 3941 558 4023 epicum
588 3943 789 4025 vocabulum,
827 3942 865 4009 cf.
890 3963 921 4026 p.
948 3943 978 4023 3,
1013 3948 1082 4009 tum
1112 3946 1221 4007 autem
1249 3939 1420 4023 γεωμόροι
1446 3938 1546 4004 Athe·

264 4048 429 4115 niensibus
464 4048 539 4115 inde
574 4050 615 4115 ah
651 4050 886 4133 antiquissimis
926 4049 1127 4133 temporibus
1168 4050 1237 4114 noti
1276 4052 1384 4122 erant,
1425 4045 1488 4113 etsi
1525 4062 1546 4107 a
1680 4051 1685 4060 '

264 4155 303 4222 V.
329 4156 458 4223 saeculo
493 4158 604 4223 vocari
633 4159 740 4223 solent
769 4155 964 4241 κληροῦχοι,
1000 4156 1039 4224 cf,
1069 4157 1154 4223 Plut.
1184 4157 1280 4225 l'hcs.
1306 4157 1348 4221 25
1373 4152 1546 4240 (Theseus)

263 4266 402 4346 πρῶτος
446 4262 635 4349 ἀποκρίνας
679 4265 786 4349 χωρίς
825 4262 1048 4348 Εὐπαυρίόας
1096 4265 1155 4330 καί
1197 4260 1443 4347 Γεωμόρους
1488 4259 1546 4325 καί

370 4536 393 4605 ι)
410 4534 451 4590 Da
470 4550 537 4590 roco
556 4531 642 4607 ἁρμοῖ
661 4536 753 4590 actum
772 4536 815 4589 est
832 4551 859 4606 p.
878 4535 922 4591 52.
