3475 5250
693 305 914 368 ..69-

163 488 276 554 tudine
299 485 388 568 legit.
409 485 502 566 Apud
527 482 702 548 Lacones
719 481 898 548 Ahrensius
919 482 995 549 dial.
1019 482 1060 548 11.
1086 502 1118 565 ρ.
1136 485 1178 547 49
1196 483 1332 550 coniecit
1347 485 1447 552 fuisse

131 629 139 652 ,ι
161 593 348 683 *θάπακος
374 587 898 674 ο1.Ηοε)ο1]11θάβοκον·θάκον
921 591 992 656 sine
1016 589 1151 672 originis
1175 590 1280 674 signo.
1311 591 1446 658 Alcman

161 702 290 785 quidem
325 699 385 782 irg.
411 701 452 764 87
490 697 557 764 ἐπὶ
585 695 703 762 θάκω
732 696 822 764 dixit.
870 697 1020 764 Incertae
1056 703 1165 763 autem
1201 698 1336 782 originis
1372 704 1449 766 sunt

162 808 317 892 Hesychii
341 807 469 889 glossae
497 803 761 888 ὁιοτεθάνκηται,
786 802 945 885 ἐθώκισε,
969 802 1184 873 ἐνθωκάισοι.
1274 874 1278 884 ,

267 917 393 998 Restat,
417 919 455 980 ut
478 914 517 979 de
535 913 833 980 Atheniensium
851 913 991 980 dialecto
1008 912 1220 996 disputemus,
1246 919 1280 980 et
1303 914 1445 997 primum

161 1025 292 1108 quidem
313 1022 524 1112 tragicorum
549 1027 720 1104 poetarum
756 1020 845 1086 locos
881 1021 1117 1103 conquiramus,
1152 1026 1325 1105 postquam
1353 1041 1447 1105 prae·

161 1132 343 1198 monuimus
366 1129 503 1196 formam
528 1133 728 1195 contractam
752 1125 845 1192 θωκ-
868 1128 942 1194 ideo
959 1128 1101 1194 Atticam
1124 1128 1225 1197 fuisse
1249 1149 1313 1198 non
1338 1150 1446 1215 posse,

160 1240 237 1322 quia
262 1243 335 1304 orta
359 1245 409 1304 est
433 1255 472 1302 cn
495 1234 635 1325 dosora,
661 1234 699 1301 cf.
730 1255 761 1318 p.
786 1237 806 1300 8
831 1239 864 1300 et
890 1237 927 1299 bl
961 1237 1001 1302 de
1024 1255 1102 1303 voce
1123 1236 1300 1321 χειρῶναξ.
1346 1239 1446 1306 Atha·

160 1346 289 1412 aienses
314 1339 400 1410 enim
423 1343 551 1411 uocatos
575 1363 628 1422 ou,
665 1341 823 1433 flittera
851 1343 995 1425 expulsa,
1032 1345 1278 1412 conservabant.
1326 1346 1446 1412 Tamen

159 1439 349 1520 traditura
380 1453 413 1518 in
443 1449 615 1534 Phrynicbi
647 1450 837 1534 tragoediae
873 1451 1002 1518 nomine
1037 1449 1222 1519 Σῦνθωκοι
1251 1471 1303 1536 ap.
1344 1453 1445 1536 said,

161 1561 309 1644 Aeschyl.
345 1561 451 1626 Prom.
488 1559 549 1624 831
587 1559 680 1641 (829)
716 1558 813 1634 trim.,
851 1557 949 1642 Soph.
977 1559 1090 1626 Trach.
1126 1561 1168 1626 23
1198 1561 1296 1640 trim.,
1332 1561 1445 1645 Eurip.

159 1670 221 1752 frg.
260 1671 371 1734 795.1
403 1668 501 1746 trim.,
537 1664 576 1731 cf.
602 1665 711 1732 Thom.
730 1685 814 1748 mag.
832 1665 956 1748 θᾶκος·
985 1663 1147 1748 Ἀττικὸν,
1170 1666 1302 1751 θρόνος
1328 1665 1446 1751 Ἑλλη-

160 1775 266 1860 νικὸν,
302 1775 442 1856 θῶκος
478 1773 727 1856 ποιητικάν,σοε
768 1774 892 1854 dubito,
928 1776 1006 1859 quin
1048 1775 1129 1842 haec
1164 1775 1327 1858 scriptura
1360 1777 1447 1842 inter

161 1885 274 1952 Ionica
309 1885 380 1968 (aut
416 1881 520 1965 opica)
557 1883 720 1949 elementa
742 1883 920 1948 incertiora
942 1902 973 1965 p.
1001 1887 1019 1948 7
1050 1883 1186 1950 collecta
1220 1884 1370 1968 ponenda
1392 1884 1445 1951 sit.

161 1993 269 2060 Etiam
293 1991 452 2058 Pindarus
486 1991 546 2056 hac
581 1989 617 2056 in
645 1988 741 2056 fallor
770 1990 898 2057 ratione
930 1992 1045 2058 ductus
1069 1991 1201 2058 exhibet
1223 1991 1318 2076 aym.
1343 1992 1399 2057 111.
1426 1995 1445 2057 6

162 2097 300 2165 ἀλαθέα
323 2100 494 2182 μαντείων
515 2096 647 2163 θῶκον.
694 2097 743 2162 De
768 2097 893 2164 Cratini
916 2098 988 2165 loco
1011 2099 1085 2165 vide
1108 2097 1202 2165 inira.
1527 2091 1530 2095 ’

270 2207 477 2290 Tragicorum
516 2210 625 2272 autem
666 2206 814 2288 exempla
853 2206 1006 2273 universa
1048 2207 1129 2273 haec
1163 2212 1254 2285 sunt:
1294 2206 1446 2290 Aeschyli

163 2315 270 2380 Prom.
296 2315 361 2379 280
385 2311 477 2400 (283)
507 2332 601 2395 anap.
626 2311 757 2380 θᾶκον
781 2311 1009 2396 προλιποῦσα,
1043 2314 1123 2380 ibid.
1148 2315 1212 2380 313
1237 2311 1331 2401 (317)
1360 2315 1445 2381 trim.

162 2420 300 2504 μακράν
335 2420 499 2503 ἀνωτέρω
523 2419 666 2486 θακῶν
691 2419 815 2503 (Ζεύς),
852 2421 930 2487 ibid.
955 2423 1019 2488 389
1044 2421 1138 2506 (393)
1163 2423 1248 2488 trim.
1284 2425 1334 2504 τῷ
1366 2423 1447 2487 νέον

161 2529 366 2596 θακοῦντι
388 2533 595 2612 παγκρατεῖς
618 2526 721 2611 topos
743 2529 854 2612 (dori),
879 2530 957 2594 ibid.
982 2531 1045 2596 831
1072 2530 1167 2611 (829)
1191 2529 1277 2595 trim.
1300 2533 1446 2610 μαντεῖα
1576 2545 1578 2549 ·

161 2637 304 2718 θῶκός
327 2640 360 2703 τ’
386 2637 456 2704 ἐστὶ
482 2636 689 2720 Θεσπρωτοῦ
714 2635 803 2718 Διός,
840 2640 899 2721 Ag.
926 2640 990 2703 519
1014 2639 1108 2723 (497)
1132 2639 1220 2705 trim.
1258 2639 1377 2719 σεμνοί
1409 2655 1446 2704 τε

161 2744 295 2811 θᾶκοι.
342 2747 404 2811 Pro
437 2743 729 2826 dedecorantem,
759 2746 932 2812 Homerico
968 2748 1077 2827 verbo,
1113 2765 1133 2811 a
1165 2747 1268 2828 stirpe
1302 2742 1446 2841 *dopon-

161 2855 293 2920 ductum
328 2858 378 2921 est
412 2852 543 2918 verbum
578 2850 714 2935 θοάζω;
745 2852 861 2921 Aescb.
893 2852 1003 2936 Suppl.
1042 2855 1105 2919 595
1131 2852 1230 2941 (575)·
1259 2853 1347 2920 chor.
1382 2851 1447 2917 ὑπ’

162 2961 270 3046 ἀρχάς
294 2958 326 3026 θ’
351 2959 486 3042 οῦτινος
509 2959 674 3044 θοάζων
692 2960 775 3027 hanc
790 2978 900 3027 vocem
922 2962 1064 3043 exhibet,
1088 2962 1188 3031 schol.
1207 2961 1269 3028 οῦκ
1291 2959 1361 3027 ῦπὸ
1383 2960 1446 3042 τὰς
1540 3012 1542 3017 .

162 3068 270 3153 ἀρχάς
305 3068 343 3135 dt
370 3087 462 3149 τινος
497 3072 569 3134 τῶν
602 3068 811 3150 κρεισσόνων
846 3067 1055 3152 καθήμενος.
1104 3070 1281 3153 Sophocles
1315 3088 1444 3154 quoque

161 3177 292 3260 scripsit
317 3176 394 3243 Oed.
420 3183 482 3261 tyr.
513 3178 532 3242 2
557 3177 642 3243 trim.
676 3178 772 3259 τίνας
795 3175 884 3243 ποθ’
911 3175 1013 3262 ἕθρσς
1037 3176 1141 3243 τάσθε
1167 3199 1228 3260 μοι
1254 3176 1444 3261 θοάζετε,

160 3305 226 3369 qua
261 3286 300 3351 de
335 3303 412 3351 voce
434 3286 480 3350 ,in
515 3286 621 3368 capite
657 3284 739 3368 111¹)
775 3285 1023 3369 disputabimus.
1063 3284 1240 3367 Sophocles
1272 3291 1444 3368 praeterea

159 3393 256 3459 huius
295 3394 406 3476 stirpis
446 3394 592 3477 exempla
630 3393 766 3474 praebet
804 3391 916 3474 θάκος
960 3394 1035 3458 Ant.
1072 3396 1147 3474 999,
1188 3393 1266 3459 Oed.
1308 3392 1373 3460 Col.
1412 3396 1442 3476 9,
1536 3448 1538 3450 .

159 3501 221 3583 irg.
252 3502 303 3567 85.
322 3502 353 3585 3,
387 3498 508 3567 θσκέω
543 3501 592 3568 Ai.
628 3501 701 3581 106,
732 3500 807 3580 325,
843 3501 939 3581 1173,
976 3499 1055 3567 Oed.
1084 3506 1146 3583 tyr.
1171 3502 1224 3582 20,
1261 3499 1374 3567 Trach.
1400 3501 1441 3565 23

159 3607 328 3695 (θωκέω),
365 3608 443 3675 Οεά.
469 3608 536 3676 Col.
562 3609 638 3690 340,
675 3605 819 3690 beappo
847 3606 926 3674 Oed.
952 3606 1019 3674 Goi.
1047 3610 1142 3689 1160,
1170 3610 1266 3691 1179,
1300 3610 1386 3674 1380
1409 3607 1442 3674 in

159 3716 325 3810 diverbiis.
391 3715 496 3783 Semel
535 3716 634 3781 etiam
673 3713 798 3782 θάσσω
844 3718 1046 3781 contractum
1084 3734 1124 3781 ex
1163 3717 1254 3798 epico
1292 3715 1441 3783 θαάσσω

159 3824 294 3906 scripsit
329 3823 406 3890 Oed.
432 3829 494 3907 tyr.
521 3826 581 3888 161
620 3822 707 3889 chor.
754 3823 929 3908 Euripides
964 3824 1103 3907 denique
1137 3824 1271 3890 verbum
1305 3823 1440 3899 θάσσω,

160 3933 247 4016 quod
271 3932 304 3997 in
329 3931 499 4013 tragoedia
522 3914 611 3998 certe
630 3931 763 4013 epicum
789 3931 997 3998 iudicandum
1022 3938 1082 4013 est,
1118 3932 1247 3998 vicies
1272 3931 1319 4014 (et
1342 3931 1456 3998 semei

159 4042 193 4107 in
217 4039 337 4125 Rheso)
362 4038 502 4121 scripsit,
539 4058 639 4123 quare
669 4038 903 4121 Aristophanes
928 4039 1121 4121 Thesmoph.
1147 4040 1211 4106 889
1247 4039 1333 4105 trim.
1368 4057 1441 4104 eum

159 4148 321 4214 dicentem
352 4147 475 4212 inducit
498 4147 532 4211 τί
555 4143 597 4230 δὴ
622 4145 663 4212 σῦ
687 4144 863 4227 θάσσεις
889 4145 993 4213 τάσδε
1015 4145 1199 4231 τυμβήρεις
1222 4146 1334 4231 ἕδρας.
1380 4147 1440 4213 Pa·

158 4254 268 4321 rodice
292 4255 351 4321 hos
375 4274 487 4322 versus
511 4261 622 4323 cantos
658 4272 730 4321 esse
765 4255 830 4321 iam
859 4256 935 4323 inde
960 4256 1076 4339 elucet,
1100 4257 1187 4339 quod
1210 4257 1366 4323 adversus
1389 4275 1441 4321 co-

158 4364 306 4431 moediae
340 4360 504 4431 licentiam
539 4364 780 4431 accuratissime
818 4366 989 4449 compositi
1024 4370 1113 4433 sunt.
1162 4363 1276 4446 θάκος
1309 4364 1441 4434 exhibet

229 4652 230 4655 =
270 4620 290 4687 1)
308 4615 455 4687 Euripides
474 4612 566 4679 θοάζω
585 4631 601 4670 a
620 4613 706 4685 stirpe
725 4609 791 4677 θοός
811 4614 924 4670 ductum
943 4630 1024 4687 saepe
1042 4615 1194 4688 usurpavit
