3475 5250
800 347 1043 415 —100—

283 549 313 612 p.
340 529 437 594 402ss
475 526 538 595 οὐκ
566 525 679 608 ἀγνοῶ
712 526 747 594 δ’
773 526 825 594 ὅτι
856 531 889 593 οῖ
923 527 1001 610 ιιερῖ
1039 526 1102 610 τὴν
1132 524 1289 593 Σικελίαν
1324 530 1566 607 κατοικοῦντες

283 634 519 720 ἀσχέδωρον
547 633 691 701 καλοῦσι
718 634 778 700 τὸν
802 637 961 719 σύαγρον,
1009 633 1217 718 Αἰσχύλος
1245 639 1327 718 γοῦν
1351 635 1388 700 έν
1414 633 1565 718 Φορκύοι

282 741 581 826 ιταρεικάζωντὸν
604 741 742 826 Περσέα
765 747 814 827 τῷ
839 743 945 827 ἀγρίῳ
969 745 1082 826 τούτῳ
1107 745 1163 809 ool
1186 762 1290 827 φησιν
1314 743 1388 830 (bg.
1414 745 1505 824 261).

588 848 647 916 ἔδυ
672 848 705 916 δ’
730 850 766 933 ές
790 849 916 933 ἀντρον
940 849 1177 935 ἀσχέδωρος
1201 849 1259 932 ὥς.

285 960 343 1025 καὶ
366 956 493 1042 Σκίρας
523 957 586 1044 (εἷς
610 955 644 1023 δ’
675 958 766 1024 ἐστὶν
790 957 894 1041 οὗτος
921 963 984 1042 τῆς
1012 957 1173 1043 Ἰταλικῆς
1201 957 1417 1042 καλουμένης
1444 952 1567 1040 κωμῳ-

282 1065 358 1149 δίας
392 1065 539 1149 ποιητὴς
567 1066 665 1147 γένος
699 1063 922 1149 Ταραντῖνος)
952 1066 989 1131 έν
1017 1064 1205 1150 Μελεάγρῳ
1232 1067 1336 1150 φησὶν
1359 1065 1432 1152 (ing.
1461 1070 1489 1146 l,
1514 1085 1565 1148 ap.

280 1173 466 1241 Kaibelium
490 1193 521 1256 p.
549 1175 636 1256 190).

497 1277 575 1345 cod’
603 1278 682 1345 οὔτε
704 1280 834 1364 ποιμὴν
858 1279 951 1363 ἀξιοῖ
970 1281 1085 1363 νέμειν
1106 1279 1195 1364 βοτὰ

496 1384 572 1452 οὔτ’
599 1385 838 1472 ἀσχέδωρος
860 1387 1050 1471 νεμόμενος
1073 1384 1298 1470 καπρώζεται.

283 1492 336 1560 ὅτι
359 1493 397 1559 δὲ
420 1493 593 1577 Αἰσχύλος
620 1493 805 1578 διατρίψας
835 1495 872 1560 έν
896 1493 1033 1577 Σικελίᾳ
1056 1493 1239 1575 πολλαῖς
1266 1495 1464 1577 κέχρηται
1488 1515 1565 1577 φω-

279 1607 372 1683 ναῖς
395 1598 633 1684 Σικελικαῖς
658 1600 759 1669 οὐδέν
782 1601 999 1685 δαομαστόν.

302 1751 305 1758 ·
387 1709 436 1774 Ex
470 1711 582 1777 eodem
612 1710 703 1778 fonte
731 1711 850 1776 hausta
880 1717 965 1791 sunt,
1003 1729 1086 1792 quoe
1121 1709 1259 1801 afferunt
1288 1710 1468 1793 Hesychius
1493 1729 1518 1778 s.
1535 1729 1564 1777 y.

281 1815 365 1900 ἀσχ,
396 1816 587 1884 Eustathius
617 1819 658 1884 ad
681 1819 775 1884 Hom.
799 1838 833 1901 p.
859 1822 934 1883 774.
952 1819 1005 1899 23,
1039 1819 1133 1884 1872.
1153 1819 1183 1898 3,
1212 1819 1262 1898 13,
1287 1818 1429 1884 Behkeri
1452 1817 1564 1883 anecd.

280 1944 311 2007 p.
336 1927 411 1990 457.
431 1925 484 1989 91.
532 1925 673 2004 Quorum
698 1933 814 1992 auctor
841 1931 894 1993 est
916 1926 1152 2009 Aristophanes
1178 1926 1364 2010 Byzantius,
1401 1945 1495 2009 quem
1525 1926 1566 1991 de

280 2050 356 2096 voce
381 2028 578 2114 ἀσχέδωρος
594 2035 764 2116 scripsisse
781 2035 877 2101 testis
903 2039 954 2100 est
969 2034 1062 2099 Eust.
1086 2054 1119 2116 p.
1146 2035 1242 2099 1872.
1264 2035 1315 2116 13,
1340 2032 1379 2100 cl.
1397 2032 1564 2116 Aristopb.

279 2138 337 2222 hg.
366 2139 452 2221 apud
467 2138 649 2206 Nauckium
674 2160 704 2224 p.
733 2144 805 2207 118.
840 2142 888 2208 Ad
913 2161 987 2207 eum
1011 2141 1111 2207 etiam
1126 2141 1310 2206 Macrobius
1334 2141 1468 2221 recedit,
1494 2159 1565 2205 com

280 2246 368 2311 dicat
402 2251 463 2312 sat.
495 2248 595 2314 sna.
617 2251 655 2312 17
695 2247 893 2332 „Aeschylus
929 2249 1084 2332 tragicus,
1120 2249 1170 2314 vir
1205 2248 1316 2330 ntique
1346 2247 1493 2313 Siculus“
1532 2253 1566 2313 et

280 2354 430 2438 Mainake
447 2353 509 2437 irg.
528 2373 607 2421 com.
631 2355 672 2421 Π.
698 2375 728 2438 p.
755 2358 819 2442 307
843 2355 1054 2439 „Aeschylus
1079 2362 1177 2438 poeta
1194 2354 1373 2421 Sicularum
1389 2354 1564 2420 formarum

282 2463 572 2530 studiosissimus.“

386 2571 424 2638 Id
447 2574 621 2639 statuimus
646 2590 758 2639 vocem
783 2570 980 2655 ἀσχέδωρος
1005 2572 1091 2655 apud
1114 2571 1306 2656 Aeschylum
1329 2570 1471 2639 Siculam
1495 2572 1564 2637 sive

279 2678 465 2746 Siceliotam
504 2679 613 2753 fuisse,
661 2698 732 2745 cum
773 2680 1001 2763 Aristophanis
1047 2680 1238 2752 doctrinam.
1283 2681 1385 2763 quod
1428 2679 1564 2744 multis

279 2787 412 2853 vocibus
437 2787 555 2854 Siculis
591 2806 668 2855 usus
704 2790 757 2872 sit,
793 2789 820 2855 si
853 2788 981 2871 quidem
1017 2807 1057 2853 ea
1084 2807 1213 2871 quoque
1243 2787 1470 2871 Aristophanis
1506 2805 1565 2851 nec

280 2896 389 2976 potius
414 2896 571 2980 Athenaei
597 2902 657 2977 est,
683 2898 776 2962 valde
801 2897 934 2963 dubiam
956 2915 1028 2963 esse
1045 2914 1233 2962 censeamus
1258 2900 1291 2959 et
1314 2896 1456 2977 dignam,
1481 2912 1565 2976 quae

281 3003 490 3068 examinetur.
541 3003 675 3069 Initium
711 3009 819 3069 autem
856 3004 1022 3086 capiamus
1057 3022 1078 3067 a
1112 3003 1282 3085 tragoedia
1317 3008 1448 3085 praeter
1484 3001 1564 3067 alias

281 3109 435 3176 Siceliota
457 3111 685 3190 Aetnaeorum,
718 3112 750 3174 in
775 3129 839 3193 qua
863 3110 899 3175 di
924 3110 1054 3175 Palici
1088 3109 1161 3194 (irg.
1189 3112 1209 3173 6
1233 3114 1266 3173 et
1291 3107 1324 3194 7)
1348 3110 1565 3191 appellantur,

279 3235 361 3300 quos
384 3236 498 3283 revera
523 3217 647 3283 Siculos
676 3216 775 3289 fuisse
806 3217 902 3283 testis
927 3223 978 3282 est
999 3216 1184 3282 Macrobius
1209 3221 1270 3282 sat.
1298 3220 1327 3281 5.
1350 3219 1471 3292 19.17‚
1507 3218 1564 3282 sed

279 3325 319 3390 ad
345 3326 470 3408 copiam
496 3324 667 3391 verborum
692 3343 755 3390 non
781 3325 925 3405 pertinet
952 3341 1067 3389 nomen
1092 3323 1269 3405 proprium.
1318 3324 1423 3403 Quare
1446 3325 1489 3390 ad
1512 3342 1563 3389 re·

261 3432 383 3515 ,liquos
407 3434 592 3517 tragoedias
610 3432 801 3499 accedimus,
849 3432 1084 3497 Enumeramus
1108 3438 1217 3496 autern
1234 3431 1433 3513 singularum
1450 3449 1562 3497 vocum

276 3541 464 3613 memoriam
489 3542 545 3625 ita,
570 3547 607 3606 ut
624 3542 763 3607 certiora
780 3540 928 3622 exempla
943 3545 1189 3621 anteponamus,
1215 3538 1393 3604 incertiora
1417 3545 1450 3603 et
1467 3538 1563 3622 plane

263 3648 376 3715 dubia
409 3650 443 3716 in
477 3648 542 3715 fine
574 3649 739 3715 addamus.
790 3648 932 3727 Quorum
970 3647 1134 3712 uberrima
1169 3647 1307 3713 materia
1344 3652 1473 3711 servato
1513 3650 1563 3711 est

277 3775 310 3821 nn
334 3775 427 3823 voce:

820 3948 1015 4016 ΒΟΥΝΟΣ.

382 4096 452 4161 Ηαο
480 4096 520 4162 de
551 4113 627 4161 voce
665 4095 727 4159 iam
752 4093 920 4159 Kaibelius
956 4094 989 4160 in
1017 4092 1209 4175 fragmentis
1242 4092 1435 4159 comicorum
1471 4092 1558 4175 gl9

276 4203 470 4286 gravissima
506 4202 694 4270 testimonia
732 4201 847 4283 coegit.
878 4200 1056 4283 Aeschylus
1091 4218 1161 4263 eam
1198 4199 1328 4265 exhibet
1356 4199 1468 4291 Suppl.
1496 4203 1557 4264 117

275 4308 369 4396 (108)
395 4310 624 4377 chor.=127
650 4307 744 4397 (117)
773 4309 859 4375 chor.
892 4305 1025 4390 ῑλέομαι
1052 4305 1116 4388 μὲν
1146 4304 1265 4371 Ἀιιίαν
1291 4304 1442 4389 βοῦνιν,
1478 4327 1556 4389 καρ-

273 4414 364 4499 βᾶνα
387 4415 420 4481 δ’
448 4416 557 4483 αὐδὰν
581 4415 628 4497 εὗ,
659 4419 712 4498 γᾶ,
742 4420 887 4497 κοννεῖς,
917 4415 1016 4481 schol.
1040 4412 1169 4498 βοῦνιν·
1193 4414 1258 4497 τὴν
1280 4418 1343 4497 γῆν
1365 4413 1453 4479 κατὰ
1475 4413 1556 4497 βαρ-

273 4521 403 4607 βάροος
437 4526 624 4608 „supplicor
652 4525 767 4608 Apiam
797 4530 928 4599 terram,
964 4523 1137 4589 barbaram
1176 4529 1284 4589 autem
1319 4541 1430 4589 vocem
1464 4523 1555 4603 bene,

272 4635 371 4714 terra,
408 4632 686 4715 comprehendis.“
738 4633 821 4699 Ibid.
859 4634 924 4697 776
961 4629 1055 4719 (742)
1095 4629 1182 4697 chor.
1223 4629 1264 4696 ἰὼ
1303 4633 1346 4713 γά
1383 4628 1555 4716 βοονῖτι
