3475 5250
798 329 1018 391 ..14-

272 527 343 575 cum
375 507 427 574 his
462 504 569 573 verbis
603 505 719 586 inesse,
757 504 794 571 oi.
819 505 942 590 Nauck,
977 510 1061 588 trag.
1086 505 1200 572 Graec.
1224 503 1306 586 ng)
1336 505 1445 588 adesp.
1471 505 1546 571 348.

272 614 392 696 δέλτος
420 616 518 682 etiarn
545 615 578 679 in
607 613 841 680 recentioribus
866 613 1109 697 epigrammatis
1132 613 1219 680 baud
1243 632 1318 679 raro
1341 613 1473 696 legitur,
1509 610 1548 678 ci.

271 723 412 790 Kaibelii
436 723 539 806 epigr.
558 721 671 790 Graec.
689 722 785 787 iudex
808 741 838 804 p.
859 724 933 787 614.

378 831 471 914 Apud
506 830 681 912 scriptores
716 849 807 897 rere
831 830 987 896 Atticos
1022 830 1128 912 quinti
1152 834 1186 895 et
1208 830 1317 912 quarti
1340 829 1463 896 saeculi
1487 848 1550 894 vox

271 958 334 1006 non
368 938 544 1021 reperitur;
578 938 738 1004 Antiochus
774 938 859 1004 enim
894 938 980 1023 (vide
1003 935 1101 1021 infra)
1124 938 1206 1003 iure
1240 937 1415 1003 recentiori
1446 937 1548 1002 aetati

271 1046 475 1124 attribuitur,
500 1047 600 1111 Attici
622 1046 773 1112 dicebant
789 1049 1032 1130 γραμματεῖον,
1057 1043 1096 1110 cl.
1113 1044 1193 1112 Poll.
1211 1044 1267 1111 IV.
1286 1046 1326 1110 18
1343 1043 1429 1127 apud
1444 1044 1547 1111 Piens.

271 1155 372 1222 Moer.
397 1173 471 1237 app.
495 1174 527 1237 p.
545 1155 620 1219 448.

378 1262 471 1343 Apud
506 1262 621 1328 Iones
655 1261 735 1327 haec
771 1261 858 1327 vocis
895 1261 1042 1344 exempla
1077 1265 1202 1328 extant:
1243 1260 1364 1327 Herod.
1387 1260 1459 1326 VII.
1483 1261 1548 1325 289

272 1367 406 1434 δελτλον
430 1366 603 1451 δέκτνχον,
639 1368 726 1435 VIII.
747 1369 809 1433 135
833 1367 896 1451 τὴν
920 1368 1087 1452 ἐφέροντο
1112 1365 1241 1448 δέλτον,
1277 1368 1419 1435 Herond.
1434 1367 1489 1432 III.
1508 1369 1549 1430 14

271 1477 313 1559 κή
337 1475 400 1559 μέν
432 1473 577 1541 τάλαινα
600 1473 729 1556 δέλτος,
764 1474 807 1558 ἣν
831 1475 898 1558 ἐγὼ
921 1476 1041 1559 κάμνω
1067 1482 1071 1558 Ι
1096 1476 1234 1558 κηροῦσ’
1260 1475 1406 1542 ἑκάστου
1428 1475 1549 1558 μηνός,

272 1581 407 1666 ὀρφανὴ
431 1587 547 1650 κεῖται.
586 1582 623 1648 In
648 1583 747 1664 epicis
772 1583 967 1649 carminibus
991 1603 1053 1649 vox
1076 1603 1137 1650 non
1167 1582 1263 1649 obuia
1286 1588 1417 1666 praeter
1434 1584 1548 1648 Batra-

272 1691 447 1773 chomyom.
471 1711 500 1755 v.
518 1692 537 1755 3
563 1688 691 1771 ἀοιδῆς,
714 1687 757 1771 ἣν
780 1690 861 1755 νέον
884 1689 921 1754 έν
945 1688 1136 1756 δέλτοισιν.
1155 1744 1162 1759 .
1181 1745 1188 1759 .
1206 1688 1327 1773 ainau

379 1797 459 1864 Tum
496 1797 648 1880 frequens
687 1805 737 1864 est
776 1799 808 1864 in
847 1798 982 1879 lingua
1021 1798 1256 1882 communi1),
1300 1817 1396 1882 quarn
1433 1796 1550 1879 κοινὴν

273 1904 379 1970 solent
407 1905 524 1971 dicere.
573 1903 670 1970 Cuius
703 1906 849 1988 exempla
872 1905 1004 1971 minime
1027 1908 1319 1988 praetermIttenda
1346 1906 1439 1973 nobis
1463 1910 1549 1984 suut,

272 2011 449 2093 permultas
484 2029 579 2077 uoces
613 2011 739 2078 Ionicos
776 2014 939 2094 recepisse
975 2020 1112 2080 constet.
1169 2015 1300 2081 Axiocb.
1326 2035 1356 2096 p.
1380 2013 1485 2080 arrd
1513 2011 1551 2076 έκ

273 2120 376 2182 τινῶν
407 2115 564 2199 χαλκέων
597 2116 738 2198 δέλτων,
775 2117 816 2201 ἃς
850 2117 888 2201 ἐξ
927 2117 1161 2205 Ὑπερβορέων
1195 2122 1358 2205 ἐκόμισαν
1381 2118 1479 2201 Ὦιιίς
1513 2137 1551 2182 τε

273 2225 329 2291 καλ
346 2221 516 2308 Ἑκαέργῃ.
551 2225 663 2308 Polyb.
681 2229 732 2294 29.
754 2230 803 2292 ll.
821 2231 850 2304 2,
875 2229 972 2293 LXX.
989 2228 1089 2295 Maec.
1106 2230 1131 2299 Ι,
1150 2232 1178 2296 8.
1198 2232 1250 2311 22,
1279 2233 1328 2296 14.
1351 2231 1399 2309 18,
1426 2230 1478 2293 27.
1496 2229 1549 2308 48,

274 2351 348 2415 pap.
373 2332 479 2398 Berol.
501 2332 526 2399 I.
554 2333 627 2397 113.
654 2335 693 2397 13
718 2334 804 2418 (vide
827 2335 927 2417 add),
958 2338 1032 2402 265.
1058 2340 1110 2417 21,
1134 2336 1289 2404 111780.
1318 2339 1368 2417 15,
1393 2334 1551 2401 accedunt

273 2440 336 2506 loci
359 2439 535 2514 Plutarchi,
561 2439 705 2526 Laclani,
730 2441 771 2509 al.
788 2443 953 2525 permulti.
992 2444 1073 2510 Usui
1098 2445 1275 2511 communis
1299 2445 1429 2526 linguae
1453 2442 1550 2507 etiarn

274 2547 337 2614 loci
361 2548 394 2613 in
418 2552 614 2614 testamento
637 2547 815 2632 Epictetae,
838 2551 863 2615 Ι.
887 2550 926 2616 G.
949 2550 1009 2616 ins.
1031 2569 1111 2617 mar.
1129 2552 1206 2633 Aeg.
1224 2550 1282 2618 111.
1301 2551 1402 2616 3301.
1430 2550 1494 2613 276
1518 2552 1552 2614 et

277 2656 341 2721 281
380 2654 583 2722 adscribendi
619 2662 702 2739 sunt,
740 2658 828 2724 cuius
863 2659 952 2724 tituli
988 2677 1071 2725 anno
1094 2657 1163 2726 iere
1187 2662 1251 2726 200
1275 2659 1369 2727 incisi
1393 2658 1551 2724 dialectus

278 2783 342 2830 non
377 2782 468 2830 mera
489 2764 587 2829 Doris
611 2767 680 2857 est,
705 2766 762 2831 sed
788 2766 901 2849 lingua
925 2767 1099 2832 communis
1124 2764 1348 2850 δωριάζοοσα,
1396 2765 1551 2832 Omnibus

279 2872 339 2947 his,
377 2889 456 2953 quos
481 2870 658 2955 attulimus,
694 2872 773 2938 locis
797 2870 917 2953 δέλτος
939 2874 1052 2941 tabula
1076 2876 1257 2958 scrIptoria,
1293 2893 1451 2958 nusquam
1474 2892 1550 2939 vero

277 2978 413 3060 simplex
435 2977 547 3045 tabula
571 2984 629 3044 est.

384 3083 432 3148 Ex
465 3084 600 3168 reliquls
636 3086 783 3153 dialectis
813 3085 932 3170 Cypria
966 3088 1103 3171 praebet
1136 3108 1245 3155 vocem
1281 3086 1407 3168 δέλτος
1440 3088 1552 3154 eodem

276 3208 373 3257 sensu
396 3192 429 3255 in
453 3192 565 3258 tabula
590 3193 756 3260 Edaliensi
781 3192 867 3261 Ο-Β.
893 3195 987 3263 160.
1008 3198 1049 3260 26
1078 3193 1128 3261 ῑδέ
1150 3193 1240 3282 τὰ(ν)
1264 3193 1391 3261 δάλτον
1413 3193 1551 3281 τά(ν)δε,

277 3294 320 3361 τὰ
341 3298 456 3386 fturjo
479 3296 561 3363 τάδε
596 3296 852 3383 ἰναλαλισμένα,
887 3300 1048 3384 βασιλικὸς
1081 3301 1144 3383 κάς
1172 3301 1338 3384 ἀπτόλις
1364 3299 1550 3387 κατέκλιναν.

277 3406 422 3488 Deanne
447 3405 577 3472 dialecti
592 3408 691 3473 Eleae
713 3414 840 3476 restant
864 3411 927 3476 dun
943 3411 1130 3476 testimonia
1145 3411 1240 3475 nimis
1256 3411 1390 3491 incerta,
1414 3410 1552 3492 primum

277 3511 405 3593 quidem
421 3512 454 3577 in
471 3512 650 3598 fragmento
664 3515 795 3582 tabulae
808 3536 937 3595 aeneae,
954 3518 1049 3584 inser.
1065 3516 1189 3600 Olymp.
1205 3520 1247 3583 20
1264 3516 1354 3601 (OB.
1368 3516 1393 3581 I.
1409 3517 1504 3581 1163.
1518 3513 1553 3596 4)

279 3667 307 3683 ..
323 3616 480 3684 ,ΙΔΕΓΤ
489 3672 495 3686 .
511 3670 519 3687 .
541 3622 625 3705 quod
643 3642 662 3688 a
678 3624 813 3691 Roehlio
830 3628 903 3703 τα]ι
919 3622 1050 3704 δέλτίοι
1066 3627 1256 3708 explicatur,
1280 3626 1336 3690 sed
1354 3625 1467 3689 eodem
1483 3624 1553 3687 iure

276 3727 373 3791 aliter
396 3747 522 3812 quoque
547 3731 709 3813 explicare
732 3732 819 3800 licet.
860 3732 1006 3799 Alterum
1030 3733 1150 3816 legitur
1174 3733 1233 3800 sub
1256 3730 1321 3797 fine
1344 3730 1431 3796 tituli
1455 3729 1554 3795 medii

277 3834 398 3899 saeculi
422 3836 538 3918 quarti,
561 3856 656 3921 quern
680 3837 808 3920 Stante,
832 3839 1039 3907 Jahresbelte
1063 3841 1120 3907 des
1136 3838 1351 3907 Oesterreich.
1368 3836 1454 3903 arch.
1472 3836 1552 3903 Inst.

277 3941 293 4007 1
316 3961 346 4024 p.
366 3944 426 4007 197
441 3962 511 4026 sqq.
535 3944 656 4027 publici
679 3946 760 4011 iuris
784 3945 875 4013 lecit:
905 3948 940 4012 ot
963 3944 1001 4011 δέ
1016 3965 1067 4029 τις
1083 3945 1314 4013 ἀδιαλτώλαιε
1336 3943 1468 4030 (Suanto
1485 3944 1555 4008 -λαι

278 4047 351 4133 alal)
374 4049 558 4132 ταστάλαν,
595 4050 644 4135 ὠρ
669 4050 973 4137 ἀναλματοφώραν
997 4053 1098 4119 ἐόντα
1121 4054 1265 4137 κάσχην.
1312 4054 1454 4120 Verbum
1479 4049 1554 4117 ἀδε-

279 4151 394 4221 αλτδω
429 4160 527 4225 variis
561 4160 664 4227 modis
699 4180 719 4226 a
753 4161 832 4227 viris
868 4163 972 4229 doctis
1008 4162 1202 4244 explicatum
1236 4166 1301 4245 est,
1343 4159 1382 4227 cl.
1417 4160 1554 4225 maxime

277 4262 469 4333 Danielsson
504 4267 537 4332 in
567 4266 667 4334 Erani
701 4269 763 4335 rol.
780 4268 829 4335 III
850 4289 882 4352 p.
903 4272 965 4334 146
977 4288 1024 4353 sq.
1050 4275 1084 4336 at
1107 4270 1252 4336 Solmsen
1277 4269 1359 4335 Mus.
1384 4268 1485 4335 Rhen.
1511 4268 1552 4331 59

277 4389 309 4452 p.
330 4373 391 4436 169
415 4379 480 4440 not.
516 4374 563 4440 Ex
587 4376 637 4461 iis,
663 4394 756 4459 quae·
770 4376 810 4441 ab
826 4377 878 4442 his
895 4378 974 4444 viris
992 4378 1096 4444 doctis
1112 4378 1278 4461 disputata
1295 4370 1378 4459 sunt,
1403 4373 1552 4461 eflicitur,

279 4514 491 4528 --...,-..-.

385 4602 459 4674 1)ο1.
478 4602 593 4675 Thumb,
612 4606 656 4661 die
674 4604 777 4676 griech.
797 4607 927 4679 Sprache.
946 4625 973 4678 p.
988 4611 1048 4663 111.
