3475 5250
728 1267 855 1351 Caput
884 1268 944 1336 IlI.

348 1447 420 1522 Dltl
449 1446 683 1525 VOOIBUS
711 1445 979 1523 AESOHYLI
1007 1445 1312 1528 stolidioris,

298 1627 475 1711 Postquam
492 1627 713 1709 superioribus
731 1627 891 1709 capitibus
915 1627 955 1693 de
978 1627 1018 1692 iis
1036 1627 1311 1694 vicissitudinibus
1337 1629 1474 1713 egimus,

191 1753 274 1817 quae
303 1741 433 1801 exstant
462 1736 549 1801 inter
580 1735 721 1801 lonicum
752 1734 956 1818 Atticamque
985 1735 1251 1801 consuetudinem
1281 1742 1314 1802 et
1347 1756 1474 1802 omnem

191 1860 372 1908 sermonem
408 1843 577 1924 tragicum,
616 1843 680 1908 iam
713 1861 798 1908 nova
832 1843 981 1925 quaestio
1015 1842 1218 1909 instituenda
1254 1850 1305 1910 est
1334 1844 1374 1910 de
1406 1846 1478 1928 ipso

191 1949 362 2032 Aeschylo,
388 1969 483 2033 quem
507 1969 578 2015 cum
602 1949 806 2015 notissimum
831 1950 876 2015 sit
898 1949 1008 2031 plures
1032 1968 1134 2015 annos
1158 1950 1191 2014 in
1215 1949 1325 2016 Sicilia
1348 1952 1477 2035 vixisse,

190 2055 278 2122 illius
314 2057 443 2123 dialecti
473 2057 565 2141 quasi
589 2055 701 2123 florem
737 2058 778 2123 ad
803 2058 981 2124 ornandam
1004 2058 1179 2124 dictionem
1208 2057 1270 2123 sibi
1301 2060 1478 2142 sumpsisse

193 2183 257 2230 nou
282 2165 385 2231 solum
422 2185 480 2248 per
516 2184 551 2232 se
575 2165 752 2232 verisimile
776 2171 836 2246 est,
874 2166 931 2233 sed
968 2166 1066 2232 etiam
1102 2165 1292 2250 gravissimo
1316 2167 1477 2234 Athenaei

191 2273 379 2338 testimonio
412 2271 630 2339 confirmatur.
677 2273 767 2339 Haec
799 2292 869 2340 cum
901 2275 1091 2355 conquirere
1120 2274 1309 2340 studeamus
1339 2275 1479 2357 vestigia

193 2381 339 2462 quamvis
376 2381 501 2464 exigua,
542 2380 781 2464 respiciendum
822 2388 873 2449 cst
913 2381 1081 2464 imprimis,
1123 2386 1279 2464 quantum
1320 2379 1479 2464 proficere

192 2488 353 2570 possimus
378 2488 410 2553 in
434 2488 495 2554 hac
519 2489 631 2555 subtili
653 2491 854 2572 quaestione,
879 2509 954 2555 nam
978 2509 1018 2554 ue
1042 2489 1113 2571 quis
1138 2494 1248 2572 speret
1271 2507 1331 2555 nos
1355 2488 1478 2571 aliquid

192 2593 294 2664 firmis
319 2597 520 2680 argumentis
551 2597 816 2681 comprobaturas
841 2615 923 2675 esse,
952 2598 1034 2664 satis
1063 2595 1157 2663 nohis
1186 2594 1366 2679 profecisse
1390 2596 1478 2663 vide·

192 2704 309 2782 bimur,
333 2706 361 2770 si
386 2706 562 2788 continget,
598 2711 636 2771 ut
658 2724 807 2788 paucas
831 2724 945 2771 voces
977 2725 997 2770 4
1020 2705 1154 2787 reliquis
1178 2704 1295 2785 tragici
1320 2705 1477 2770 sermonis

192 2809 337 2877 lontibus
361 2812 519 2878 alienas
543 2813 585 2878 ad
609 2811 886 2879 Siciliotarum
912 2812 1176 2879 consuetudinem
1200 2811 1401 2878 reducamus.

302 2920 393 2985 Vixit
416 2921 592 3002 Aeschylus
623 2921 673 2988 bis
702 2921 875 2987 nonnullos
905 2940 1006 2986 annos
1035 2922 1069 2986 in
1099 2919 1220 2987 Sicilia.
1267 2918 1310 2984 Et
1337 2919 1477 3001 primum

194 3028 322 3110 quidem
358 3048 423 3094 una
459 3048 530 3095 cum
566 3030 640 3095 41114
675 3031 784 3113 poetis
820 3030 861 3095 ab
896 3029 1041 3095 Hierone
1072 3026 1305 3112 Syracusarum
1338 3031 1476 3109 tyranno

194 3136 368 3201 arcessitus
393 3141 452 3218 est,
478 3137 533 3220 qui
557 3136 633 3204 inde
658 3138 698 3203 ab
722 3157 807 3205 anno
832 3140 897 3203 477
922 3136 1081 3219 regnavit.
1128 3135 1190 3214 Qui
1215 3154 1286 3202 cum
1310 3152 1394 3199 anno
1411 3136 1476 3198 476

193 3244 306 3309 urbem
329 3245 508 3310 Aetnarum
532 3250 630 3312 antea
652 3244 821 3311 Octauiam
844 3250 991 3311 vocatam
1015 3243 1107 3309 novis
1132 3242 1254 3308 colonis
1278 3242 1478 3305 instruxerat

193 3350 244 3433 (cl.
270 3350 364 3417 Diod.
388 3350 444 3417 XI.
470 3352 512 3417 38
537 3358 570 3418 et
594 3354 662 3435 49),
688 3353 864 3436 Aeschylus
888 3354 922 3419 in
946 3353 1104 3419 honorem
1127 3350 1272 3424 coloniae
1296 3349 1478 3431 composuit

193 3454 394 3539 Αἰτναίας
417 3456 469 3542 (ci.
496 3458 609 3546 vitam)
635 3479 693 3527 nec
717 3480 791 3527 vero
815 3462 904 3527 ultra
927 3480 1047 3526 aunum
1064 3460 1127 3524 473
1153 3460 1185 3523 in
1212 3457 1322 3524 Sicilia
1345 3456 1476 3537 mansit,

193 3584 268 3630 nam
296 3569 471 3633 41114472
502 3569 619 3634 14414111
651 3568 788 3633 Athenis
816 3574 975 3648 versatur,
1011 3586 1074 3650 quo
1105 3565 1250 3632 Persas
1284 3565 1317 3630 in
1346 3583 1477 3631 scenam

193 3674 341 3756 prodisse
378 3680 604 3757 argumentum
639 3677 741 3743 docet.
795 3676 876 3741 Tum
911 3676 1009 3742 rediit
1043 3676 1075 3740 in
1112 3674 1266 3753 Siciliam,
1304 3679 1476 3757 postquam

194 3800 276 3847 auno
300 3784 365 3847 458
391 3782 540 3849 Oresteia
563 3784 650 3869 vicit,
674 3784 783 3867 ibique
807 3784 906 3849 tertio
929 3790 1005 3867 post
1028 3802 1112 3850 auno
1136 3788 1282 3849 mortuus
1307 3787 1367 3849 est.

298 3888 350 3954 Ita
373 3892 489 3957 mirum
514 3911 577 3957 non
601 3899 651 3959 est
675 3911 746 3959 eum
763 3891 989 3959 Siceliotarum
1006 3892 1178 3958 dialectum
1202 3892 1340 3973 novisse,
1365 3908 1475 3955 verum

194 3980 562 4079 441411111111414114114,
588 4002 897 4083 4144411444477
923 4000 1063 4082 scripsit,
1088 3999 1195 4081 potuit
1222 3998 1303 4064 44114
1331 3997 1475 4063 11441414

193 4102 292 4167 verba
316 4103 399 4184 ideo,
435 4106 522 4187 quod
549 4105 735 4188 Epicharmi
765 4108 949 4173 comoediae
983 4107 1016 4172 in
1046 4108 1119 4188 ipsa
1150 4105 1288 4172 Graecia
1319 4110 1387 4169 tum
1410 4103 1474 4169 iarn

191 4228 256 4275 non
292 4210 423 4293 ignotae
456 4211 587 4279 luerint.
636 4214 719 4281 Nam
754 4221 884 4281 constat
918 4221 1033 4299 poetas
1069 4214 1222 4298 Graecos,
1258 4231 1329 4277 cum
1365 4210 1475 4277 aliena

191 4318 291 4385 verba
315 4324 550 4403 mutuarentur,
576 4339 614 4387 ea
639 4342 677 4389 ex
705 4322 826 4389 litteris
850 4324 960 4406 potius
988 4341 1084 4406 quam
1109 4342 1147 4389 cx
1176 4338 1324 4388 sermone
1349 4318 1476 4403 vulgari

194 4426 328 4509 cepisse.

299 4535 540 4615 Gravissimum,
577 4538 751 4620 quodiam
780 4556 881 4622 supra
910 4543 1194 4606 commemoratum
1217 4541 1277 4618 est,
1314 4534 1502 4602 Athenaei

190 4643 410 4711 testimonium
446 4644 630 4728 quaestioni
675 4651 807 4715 nostrae
845 4646 1094 4730 praemittimus,
1139 4645 1225 4729 quod
1262 4648 1370 4711 exstat
1412 4641 1471 4752 Ill.

1279 4749 1313 4807 Ἰ*
