3475 5250
708 315 929 380 ...11-

181 500 274 582 gesta
308 495 368 564 sub
395 513 458 562 uno
487 497 660 577 conspectu
690 494 911 560 collocaretur.
960 494 1066 577 Atque
1094 491 1157 559 nisi
1190 492 1251 560 hoc
1284 490 1379 558 modo
1414 490 1455 559 de

182 606 306 688 origine
342 609 375 670 et
408 603 517 687 patria
551 603 780 670 vocabulorum
815 603 896 668 certi
933 604 1104 686 quicquam
1139 602 1238 668 statui
1266 620 1329 666 non
1361 619 1457 682 posse

182 715 275 780 nobis
299 730 490 795 persuasum
514 717 572 778 est.
608 710 750 778 Profecti
774 715 882 778 eutem
906 729 926 776 a
950 710 1139 794 colligendis
1166 710 1206 774 iis
1227 709 1345 788 verbis,
1375 727 1458 790 qnae

183 820 362 886 communia
395 820 528 903 tragicis
562 819 668 902 poetis
705 838 776 884 cum
810 818 1010 899 Archilocho,
1042 818 1218 899 Herodoto,
1247 816 1455 899 Hippocrate,

183 928 300 994 ceteris
323 926 451 993 Ionicae
476 926 606 993 dialecti
631 926 818 993 auctoribus
841 945 947 1009 neque
970 925 1049 991 alibi
1068 927 1192 991 usitata
1208 929 1293 1005 sunt,
1318 925 1456 1007 primum

183 1036 311 1119 quidem
341 1055 380 1101 ex
409 1034 470 1099 hac
494 1034 682 1102 collectione
707 1053 745 1100 ea
769 1034 952 1115 exemimus,
989 1033 1105 1117 quibus
1129 1037 1219 1098 certa
1242 1033 1370 1097 Ionicae
1395 1032 1458 1097 ori·

183 1142 267 1224 ginis
305 1143 399 1225 signa
432 1142 590 1224 impressa
618 1161 690 1208 esse
717 1140 921 1208 videbantur.
969 1142 1048 1207 Turn
1072 1141 1112 1206 ab
1136 1140 1186 1205 his
1210 1160 1249 1206 ea
1271 1140 1359 1204 illius
1384 1158 1459 1204 con-

184 1251 285 1332 geriei
310 1251 407 1316 verba
431 1268 600 1317 secernere
625 1250 731 1317 conati
755 1268 875 1326 sumus,
899 1268 982 1332 qnae
1006 1268 1076 1315 cum
1101 1249 1168 1315 veri
1192 1248 1330 1332 quadam
1351 1246 1458 1328 specie

183 1363 310 1445 priscae
341 1357 469 1423 Atthidi
497 1358 711 1424 vindicantur.
764 1357 876 1439 Neque
912 1362 1019 1423 tamen
1055 1357 1088 1422 id
1123 1356 1256 1439 egimus,
1292 1360 1329 1418 nt
1363 1373 1459 1436 quam

184 1467 394 1551 plurimorum
418 1465 588 1531 verborum
612 1465 652 1532 de
677 1465 801 1546 origine
825 1470 1049 1544 tractaremus
1086 1465 1143 1530 sed
1166 1468 1204 1529 ut
1227 1481 1322 1546 qnam
1347 1462 1459 1527 certis·

185 1576 265 1640 sima
288 1573 423 1654 originis
447 1573 585 1656 vestigia
609 1573 858 1639 enuclearemus.

291 1680 379 1759 Quae
408 1681 607 1763 quaestionis
634 1681 729 1762 ratio,
765 1699 805 1746 ne
836 1680 1019 1746 intricatior
1046 1678 1114 1762 fiat,
1150 1678 1262 1760 procul
1290 1677 1460 1744 habuimus

185 1787 341 1855 vocabula
366 1788 467 1870 opica.

292 1895 460 1962 Postremo
484 1895 672 1979 appendicis
696 1896 766 1963 loeo
790 1895 1022 1978 quaesivimus,
1056 1913 1138 1976 qnae
1162 1893 1262 1959 verba
1285 1890 1461 1974 Aeschylus

187 2023 226 2070 ex
249 2003 463 2070 Siciliensium
487 2020 636 2069 sermone
659 2003 822 2086 recepisse
846 2003 1005 2068 videatur.
