3475 5250
800 257 1022 321 ...24-

275 439 438 508 ιισθένσα
462 435 557 522 παρὰ
584 436 624 504 cd
654 435 768 518 ἀργόν.
825 437 885 516 Ag.
916 436 1000 500 1113
1028 432 1143 521 (1067)
1178 434 1264 501 trim.
1322 435 1385 498 νῦν
1420 431 1482 516 γὰρ
1518 430 1555 514 ἐξ

276 548 484 631 αἰνιγμάτων
514 550 519 630 t
555 545 819 628 ἐπαργέμοισι
842 541 1034 626 θεσφάτοις
1058 541 1232 625 ἀμηχανῶ.
1279 541 1376 607 schol.
1400 546 1475 620 τοῖς
1497 558 1552 605 σο-

276 653 379 738 φλοῖς
414 655 471 719 καὶ
507 652 651 736 ἀσήμοις
694 651 762 717 άπὸ
804 653 875 715 τῶν
911 647 1117 732 λεοκώμασα
1156 649 1305 731 ἐχόντων
1345 645 1551 730 ὀφθαλμῶν.

276 761 420 844 Ohocph.
458 763 520 826 665
552 763 647 843 (646)
670 761 757 826 trim.
817 755 923 838 ολθὼς
956 755 1020 840 γάρ
1057 757 1093 822 ἐν
1127 754 1284 839 λέσχηαιν
1318 753 1394 821 οὗσ’
1430 754 1553 836 ἐσαρ-

273 870 314 950 γέ
322 888 426 950 μους
454 867 462 949 Ι
495 867 618 949 λόγους
641 865 787 948 τίθησιν.
834 866 925 932 εοάά.
950 863 1130 948 λεχθεῖσιν.
1178 863 1276 930 schol.
1302 863 1339 928 ἐν
1366 866 1443 942 τοῖς
1465 860 1552 944 πρὸς

274 981 438 1058 γυναῖκας
472 974 628 1057 ὁμιλίαις.
673 971 845 1054 σκοτεινὸς
887 972 956 1038 άιιό
996 975 1067 1037 τῶν
1107 973 1186 1055 περὶ
1224 971 1306 1052 τοὺς
1345 968 1553 1054 ὀφθαλμοὺς

274 1079 517 1163 λενκωμάιων.
570 1081 760 1164 εἰιάργεμος
789 1082 891 1162 igitur
920 1080 1116 1146 adverbum
1148 1085 1207 1161 est,
1238 1080 1324 1163 quod
1347 1078 1478 1143 inducto
1503 1075 1552 1142 vel

278 1189 404 1255 obiecto
430 1187 565 1272 ἀργέμῳ
590 1189 735 1255 abditum
760 1193 819 1270 est3
844 1187 1006 1271 significat
1029 1195 1137 1254 autem
1163 1207 1323 1270 „caecum
1350 1187 1552 1253 obscurum“·

382 1297 464 1375 Quid
489 1293 635 1378 άργεμον
656 1297 709 1377 sit,
734 1296 849 1362 docent
873 1302 1004 1378 praeter
1028 1297 1151 1362 scholia
1174 1296 1275 1362 alluta
1298 1295 1415 1378 reliqui
1440 1293 1517 1358 Ioci:

382 1404 477 1486 Soph.
495 1403 555 1485 fug.
574 1405 638 1468 212
662 1410 753 1470 metr.
774 1406 834 1469 inc.
858 1405 947 1485 'apud
963 1404 1102 1486 Hesych.
1128 1403 1300 1486 άργέμων·
1325 1405 1396 1469 τῶν
1421 1401 1457 1466 ἐν
1481 1405 1553 1480 τοῖς

276 1509 477 1594 ὀφθαλμοῖς
494 1509 739 1593 λεοκωμάναιν·
765 1512 798 1575 οἱ
814 1508 852 1575 δὲ
868 1509 1089 1594 ὀφθαλμιῶν.
1121 1508 1306 1594 Σοφοκλῆς
1322 1509 1378 1574 ἐπὶ
1397 1507 1552 1590 Ταινάρῳ

276 1619 457 1700 σατυρικῷ.
506 1617 606 1685 Simil.
631 1618 723 1686 Eust.
749 1619 790 1682 ad
813 1617 907 1684 Hom.
932 1638 964 1700 p.
985 1620 1083 1686 1430.
1102 1620 1143 1682 60
1170 1638 1208 1682 ex
1230 1618 1378 1699 Didymo.

380 1726 417 1791 In
441 1726 585 1806 pedestri
603 1727 749 1792 oratione
764 1744 875 1791 vocem
892 1725 1025 1792 adhibet
1043 1725 1327 1809 Hippocrates,
1351 1744 1422 1804 γον.
1436 1720 1467 1787 α’
1481 1723 1553 1800 105,

275 1833 310 1898 L.
328 1831 416 1896 VIII.
435 1833 499 1897 228
529 1830 617 1915 πρὸς
641 1830 801 1915 άργεμον·
838 1833 999 1917 (sequitur
1026 1833 1253 1899 medicamenti
1288 1830 1492 1913 compositio)
1523 1835 1554 1894 et

277 1944 309 2005 et
331 1961 367 2004 ιι.
384 1940 461 2007 σόα.
479 1941 549 2004 τῶν
565 1960 595 2004 κ.
613 1937 713 2022 άνθρ.
733 1942 783 2021 13,
801 1940 837 2006 L.
852 1941 906 2006 VI.
920 1942 985 2005 302
1011 1937 1094 2004 ὅταν
1118 1937 1152 2004 θ’
1172 1936 1318 2022 άργεμον
1333 1935 1369 2022 ᾔ,
1394 1934 1554 2017 δακρύειν

277 2048 326 2127 τῷ
351 2044 528 2128 ὀφθαλμῷ
554 2045 681 2129 ἀρήγεις
710 2046 748 2112 cf.
774 2049 863 2115 Erot.
888 2068 920 2130 p.
938 2050 992 2114 47.
1014 2051 1069 2112 11:
1096 2045 1257 2130 άργεμον·
1282 2044 1399 2126 πάθος
1422 2063 1454 2108 ιι
1476 2043 1554 2126 περὶ

278 2152 359 2233 τοὺς
383 2150 592 2235 ὀφθαλμοὺς
615 2151 898 2236 λεοκωμαιῶὸες·
924 2153 943 2220 ὃ
968 2151 1010 2236 δὴ
1035 2154 1072 2219 ἐκ
1095 2158 1157 2236 σῆς
1171 2154 1414 2236 παρεσομένας
1437 2149 1553 2217 λεοκό-

279 2277 382 2340 ιηιος
406 2256 607 2341 ὠνομάσθη.
653 2260 774 2325 Eodem
799 2279 896 2327 sensu
919 2280 1030 2327 vocem
1060 2261 1190 2328 exhibet
1213 2261 1454 2343 Theophrastus
1479 2259 1553 2324 hist.

278 2365 380 2448 plant.
400 2369 429 2430 7.
448 2368 479 2433 6.
496 2369 526 2447 λ,
553 2369 581 2431 9.
602 2368 630 2434 9.
649 2369 679 2450 5,
704 2371 734 2434 9.
754 2371 805 2436 11.
825 2372 876 2450 10,
901 2371 931 2436 9.
952 2370 1003 2433 12.
1022 2371 1052 2433 3.

386 2474 561 2539 Praeterea
596 2480 647 2541 est
662 2474 700 2560 Ιὁ
730 2473 876 2558 άργεμος
904 2477 978 2542 alba
1001 2475 1127 2542 macula
1160 2477 1194 2542 in
1222 2495 1330 2559 ungue
1365 2474 1450 2557 apud
1473 2474 1553 2539 Poll.

277 2581 319 2647 II.
336 2583 413 2645 146:
438 2579 488 2647 ὦν
512 2580 556 2647 νά
577 2582 641 2666 μὲν
664 2581 732 2648 ὑπὸ
757 2588 805 2667 τῷ
831 2581 926 2668 ὄνυχι
948 2581 1094 2667 κροασά,
1123 2581 1165 2648 τὰ
1189 2580 1221 2648 θ’
1243 2579 1382 2649 ἄνωθεν
1406 2579 1554 2665 άργεμοι.

278 2689 321 2753 nt
344 2688 523 2771 άργεμώνιγ
548 2709 662 2756 nomen
687 2692 817 2773 plantae
843 2694 949 2758 Diosc.
971 2694 1001 2774 λ,
1020 2693 1095 2757 208.

386 2794 404 2859 ὁ
429 2794 583 2878 άργεμος,
607 2796 647 2862 cd
677 2797 824 2882 άργεμον
848 2802 945 2867 ducta
968 2806 1044 2867 sunt
1067 2820 1087 2865 a
1109 2800 1212 2881 stirpe
1237 2798 1323 2881 άργ-,
1348 2816 1431 2881 quoe
1447 2798 1555 2862 album

279 2906 312 2967 et
346 2903 546 2983 perlucidum
581 2904 745 2987 significat
780 2914 813 2972 et
848 2909 934 2990 apud
957 2908 1083 2973 Atticos
1118 2907 1152 2971 in
1179 2907 1291 2987 paucis
1320 2906 1451 2972 vocibus
1480 2924 1555 2970 con-

278 3016 436 3091 servatur,
472 3017 509 3075 ut
542 3012 576 3077 in
607 3011 759 3095 ἐναργής.
806 3014 855 3079 De
883 3014 1076 3080 formellone
1104 3013 1142 3079 ci.
1169 3011 1295 3095 ἄνεμος
1322 3021 1355 3078 et
1383 3014 1454 3079 sim.
1482 3012 1555 3078 vide

279 3116 344 3183 Leo
369 3118 489 3200 Meyer,
515 3117 569 3183 Gr.
588 3118 724 3201 Etymol.
741 3120 765 3185 Ι.
786 3140 816 3202 p.
836 3123 910 3187 277.
946 3121 983 3185 In
1007 3121 1142 3186 Ionum
1166 3125 1237 3185 arte
1259 3121 1384 3186 medica
1409 3118 1555 3202 άργεμον

279 3231 359 3306 erat,
384 3226 482 3308 bquod
516 3231 624 3292 aetate
652 3228 832 3294 recentiore
862 3226 1024 3311 λεύκωμα
1052 3234 1200 3294 vocatum
1229 3233 1289 3312 est,
1325 3228 1400 3294 albo
1429 3228 1555 3293 macula

279 3333 373 3412 oculi,
399 3352 463 3415 qua
487 3338 558 3399 orta
582 3353 696 3400 caecus
719 3334 756 3402 fit
779 3336 884 3401 homo.
922 3335 1015 3401 Unde
1039 3335 1125 3417 apud
1148 3335 1341 3417 Aeschylum
1365 3334 1555 3417 ἐιιάργεμος

278 3438 450 3505 formatum
470 3446 529 3507 est.
565 3442 765 3524 Quamquam
780 3443 877 3525 plene
893 3444 1089 3526 ignoramus
1115 3462 1178 3525 quo
1195 3443 1323 3509 nomine
1339 3442 1554 3507 Athenienses

277 3546 368 3611 illum
384 3548 529 3613 morbum
546 3552 740 3627 vocaverint,
765 3556 884 3632 tamen,
909 3552 937 3618 si
961 3552 1089 3617 omnino
1114 3569 1185 3616 eum
1202 3551 1447 3631 nominaverint,
1472 3550 1554 3616 veri·

232 3737 233 3741 ¹
280 3653 385 3719 simile
410 3660 460 3721 est
491 3674 545 3721 cos
574 3676 637 3722 non
666 3658 785 3725 dixisse
814 3656 970 3741 άργεμον,
1006 3658 1091 3742 quod
1115 3658 1245 3725 Ionibus
1274 3659 1429 3724 usitatum
1454 3657 1554 3723 fuisse

278 3762 497 3844 Hippocrates
520 3763 614 3829 testis
640 3771 698 3830 est.
747 3766 827 3830 Nam
855 3766 934 3831 illud
958 3785 1073 3832 nornen
1096 3766 1261 3830 inuentum
1286 3783 1358 3831 esse
1382 3766 1551 3845 credimus,

282 3890 344 3952 quo
362 3870 500 3952 primunr
517 3877 663 3953 tempore
687 3890 739 3937 ars
755 3872 880 3938 medica
897 3876 982 3955 apud
999 3879 1094 3939 Iones
1111 3871 1259 3953 effloruit,
1284 3873 1368 3938 unde
1384 3874 1424 3939 iis
1440 3874 1554 3955 primis

283 3978 316 4042 in
340 3996 433 4043 usum
457 3977 619 4062 uolgarem
643 3980 740 4047 venit·

785 4218 1046 4287 ΕΥΦΡΟΝΗ.

385 4404 475 4471 Inter
489 4405 617 4473 Ionicae
634 4425 728 4473 voces
744 4410 854 4491 posuit
865 4409 1047 4476 Wittekind
1062 4430 1092 4492 p.
1107 4412 1161 4493 34,
1185 4412 1271 4477 inter
1286 4410 1411 4493 priscas
1427 4411 1553 4479 Atticas

279 4511 484 4594 But-herford,
509 4534 540 4579 n.
564 4514 739 4598 Phrynp.
759 4517 809 4581 13.
