3475 5250
822 310 1046 374 ..18-

302 492 454 576 habeant,
479 491 518 558 cf.
535 487 655 574 Πάρις,
680 486 929 571 Σκαμάνδριος,
955 492 1146 568 argumenta
1168 491 1244 553 sunt
1260 487 1452 568 gravissima
1466 507 1574 554 uocem

304 597 442 682 andlang
472 603 635 681 receptam
659 615 730 664 esse
759 595 930 678 exaliqua
954 594 1092 661 dialecto
1117 595 1224 662 Asiae.
1271 595 1350 661 Tum
1372 615 1432 678 per
1454 596 1574 662 iambo·

305 710 445 792 graphas
468 709 501 775 in
525 707 727 791 tragoediam
749 705 848 773 venit.

845 969 1036 1038 BAAHN.

412 1139 500 1203 Pers.
520 1137 582 1201 658
600 1132 691 1220 (655)
709 1134 794 1200 chor.
810 1129 941 1216 βαλήν
958 1133 1108 1216 ἀρχαῖος,
1125 1131 1255 1217 βαλήν
1272 1133 1333 1216 ida,
1358 1135 1442 1202 ἱκοῦ.
1480 1137 1577 1202 schol.

306 1243 439 1328 βαλήνα
461 1242 522 1309 τὸν
544 1240 697 1325 βασιλέα.
736 1237 923 1324 Εὐφορίων
947 1239 985 1306 δὲ
1002 1239 1156 1325 Θουρίων
1164 1241 1189 1325 1)
1214 1243 1298 1324 φησὶ
1314 1241 1377 1324 τήν
1393 1239 1578 1308 διάλεκτον.

306 1349 467 1434 βασιλεὺς
491 1349 578 1415 κατὰ
596 1347 770 1432 Θονρλανς.
815 1348 909 1431 Soph.
929 1348 991 1430 irg.
1010 1350 1074 1413 472
1091 1355 1183 1414 metr.
1201 1349 1261 1414 inc.
1281 1350 1321 1414 ἰώ
1345 1347 1473 1433 βαλήν
1497 1352 1581 1433 apud

307 1460 393 1526 Sext.
411 1458 503 1541 Emp.
522 1478 554 1540 p.
568 1459 642 1534 672,
656 1458 712 1522 26:
739 1457 771 1521 αἱ
793 1451 889 1539 παρὰ
912 1458 961 1538 νῷ
987 1453 1161 1540 Σοφοκλεῖ
1181 1456 1341 1540 ποιμένες
1366 1458 1428 1538 „tui
1449 1455 1579 1540 βαλήν“

307 1562 463 1648 λέγοντες
498 1564 539 1630 ἰὼ
573 1562 714 1647 βασιλεῦ
749 1561 885 1646 λέγουσι
915 1562 1083 1647 Φρυγιστί.
1130 1564 1212 1631 Item
1242 1564 1318 1631 Hes.
1349 1583 1425 1632 su.
1456 1564 1582 1648 βαλήν·
1649 1603 1651 1607 -

307 1671 466 1757 βασιλεὺς
491 1671 693 1758 Φραγισνλῖ).

415 1776 757 1862 Ε551555555ααλήν
784 1779 905 1862 scripta
937 1783 1027 1845 extat
1055 1779 1208 1845 15515515
1232 1778 1337 1844 medio
1361 1779 1430 1846 iere
1453 1781 1582 1847 saeculo

308 1891 363 1954 IV.
387 1886 556 1958 501555.
580 1889 681 1953 inciso
705 1889 791 1970 apud
813 1887 978 1953 Xanthum
1003 1887 1120 1970 Lyciae
1144 1887 1254 1952 urbem
1279 1888 1419 1967 invento,
1456 1888 1582 1969 Kaibel,

310 1998 412 2080 epigr.
438 1997 493 2064 Gr.
520 1998 594 2062 768,
622 1999 640 2060 6
664 1994 797 2078 ααλήν
821 1993 969 2074 Λυκίαν,
998 1997 1069 2059 νῶν
1092 1993 1166 2059 τότ’
1193 1994 1229 2058 ἐν
1252 1992 1374 2077 ήλικλᾳ.
1421 1996 1527 2061 Etiam
1551 1998 1583 2060 in

312 2105 429 2186 Cypria
463 2104 674 2186 inscriptione
708 2101 819 2186 βαλήν
852 2104 935 2186 legit
969 2103 1023 2169 Six
1058 2103 1091 2167 in
1121 2101 1227 2185 Saycii
1262 2105 1352 2170 novis
1382 2101 1508 2185 Cypriis
1536 2104 1584 2168 in-

311 2211 540 2294 scriptionibus
564 2211 669 2295 Abydi
693 2211 876 2294 Thebisqne
903 2211 1043 2277 inuentis
1073 2212 1190 2292 5521,
1225 2211 1439 2290 Proceedings
1470 2209 1504 2275 of
1528 2211 1585 2277 the
1721 2244 1722 2321 y

312 2317 381 2384 Soc.
401 2317 436 2384 of
448 2317 531 2384 Bibl.
551 2318 643 2384 Arch.
661 2318 782 2385 551111
804 2337 836 2400 p.
854 2320 1042 2398 209-222,
1067 2317 1106 2383 el.
1130 2319 1260 2384 Deecke
1284 2319 1370 2400 apud
1393 2319 1586 2383 Bursianum

312 2425 373 2490 vol.
390 2426 433 2489 44
456 2423 570 2512 (1883)
594 2446 624 2508 p.
642 2427 715 2490 271.
750 2427 898 2508 Denique
922 2427 1003 2491 satis
1026 2424 1240 2508 probabiliter
1263 2423 1378 2507 ααλήν
1400 2446 1459 2508 pro
1484 2423 1587 2490 πάλιν

312 2534 345 2598 15
369 2533 600 2615 epigrammate
625 2534 802 2617 Byzantino
828 2535 867 2598 ad
889 2534 1038 2615 Aeschyli
1061 2533 1178 2599 Persas
1202 2534 1365 2615 adscripto
1391 2531 1500 2618 (Anth.
1518 2534 1584 2601 Pal.

313 2642 374 2708 vol.
391 2641 440 2706 ΠΙ
464 2643 513 2707 ed.
531 2643 638 2708 Didot.
655 2643 699 2709 IV
716 2643 795 2724 848)
820 2643 1007 2708 restitutum
1032 2649 1096 2708 est:
1132 2639 1259 2724 Ξέρξης
1290 2639 1328 2706 δὲ
1354 2638 1469 2723 ααλήν
1493 2640 1586 2707 douln
1721 2713 1722 2744 ἢ

315 2746 478 2831 ήννήβεὶς
500 2748 624 2831 μάχαις
647 2749 685 2815 51.
709 2770 738 2816 5.
762 2750 969 2830 Herwerden‚
994 2751 1078 2816 stud.
1104 2749 1137 2814 in
1161 2752 1262 2832 epigr.
1288 2752 1342 2815 Gr.
1368 2770 1399 2831 p.
1418 2752 1468 2815 80.

421 2856 482 2922 Vel
506 2858 686 2938 scripturae
702 2858 860 2923 varietate
886 2859 1125 2921 demonstratur
1142 2876 1251 2923 vocem
1265 2854 1376 2939 βαλήν
1392 2858 1459 2922 sive
1475 2856 1590 2939 ααλήν

317 2982 380 3029 555
404 2980 476 3029 5555
494 2963 659 3030 Graecam.
699 2965 873 3047 Phrygiam
897 2965 975 3030 dicit
999 2963 1081 3030 Sext.
1103 2965 1194 3045 Emp.
1218 2963 1356 3029 sortasse
1380 2971 1478 3046 recte,
1504 2972 1591 3029 certe

319 3068 495 3151 Asiatica³)
519 3069 590 3151 fuit,
620 3072 654 3136 id
678 3073 762 3153 quod
787 3073 902 3137 titulus
927 3091 1054 3154 quoque
1078 3072 1240 3137 Xantbius
1262 3072 1381 3154 probat
1404 3091 1462 3137 nec
1484 3072 1590 3137 minus

320 3177 469 3260 Cyprius,
505 3180 533 3243 si
568 3179 697 3261 quidem
731 3184 820 3245 recte
854 3180 1107 3261 interpretamur
1141 3180 1280 3244 litteras.
1336 3180 1455 3257 Quodsi
1491 3178 1589 3245 schol.

319 3286 468 3368 Aeschyli
492 3286 530 3350 de
548 3286 676 3351 Thuriis
692 3288 791 3353 verba
814 3285 902 3367 facit,
927 3287 995 3352 sive
1013 3306 1103 3351 error
1120 3293 1171 3352 est
1186 3287 1254 3352 sive
1269 3289 1386 3353 menda
1402 3289 1591 3368 scripturae,

320 3411 396 3457 sane
415 3389 600 3457 ΦΡΥΓΩΝ
619 3394 652 3459 15
670 3390 873 3458 ΘΟΥΡΙΩΝ
890 3394 977 3459 haud
1001 3392 1130 3458 difficile
1147 3395 1254 3476 potuit
1270 3396 1440 3475 corrumpi.
1477 3395 1592 3472 Quam-

321 3518 416 3582 quam
432 3504 539 3565 autem
555 3500 649 3566 hodie
666 3522 725 3567 vox
740 3498 852 3584 βαλήν
866 3502 900 3567 15
916 3501 1099 3566 litterarum
1112 3501 1292 3567 Ionicarum
1307 3502 1453 3583 reliquiis
1465 3521 1527 3567 non
1541 3521 1593 3567 oc·

321 3607 430 3688 currit,
454 3609 508 3673 vix
530 3615 639 3675 tamen
663 3610 759 3675 aliter
782 3612 815 3674 in
839 3610 1041 3693 tragoediam
1065 3610 1174 3675 venire
1198 3610 1304 3692 potuit
1327 3610 1388 3674 nisi
1411 3627 1471 3689 per
1488 3609 1592 3674 Iones.

428 3828 451 3896 1)
478 3828 585 3898 Kaibel,
603 3828 655 3897 frg.
676 3847 743 3884 com.
764 3830 889 3884 GraeaI
907 3830 1026 3899 glossam
1044 3831 1116 3885 inter
1135 3831 1260 3885 Italiotas
1279 3847 1333 3884 non
1352 3830 1464 3899 recepit.

389 3905 392 3911 ’
427 3916 450 3987 2)
475 3918 577 3972 Eadem
596 3918 721 3972 doctrina
739 3920 863 3973 abutitur
882 3919 981 3990 [Plut]
1001 3920 1034 3973 de
1052 3920 1144 3973 fluviis
1165 3923 1204 3975 12.

427 4005 451 4077 3)
478 4007 512 4061 de
539 4008 645 4076 origine
673 4024 769 4061 vocum
796 4008 905 4079 ααλμνς
929 4013 957 4062 55
983 4008 1066 4077 βαλήν
1094 4010 1129 4062 51.
1148 4009 1242 4079 dayes,
1270 4007 1464 4063 Transactions
1492 4008 1523 4062 of
1547 4010 1595 4063 the

320 4095 353 4147 R.
373 4095 433 4150 Soc.
453 4095 484 4149 oi
499 4096 569 4152 Bibl.
589 4095 672 4152 Arch.
691 4097 730 4151 IX
748 4114 775 4167 p.
790 4100 848 4153 117.
