3475 5250
860 303 1075 370 ..32-

328 482 465 550 ridetur.
500 481 613 565 Neque
637 481 809 548 uerisimile
833 486 893 563 est,
917 501 1012 549 voces
1035 483 1239 550 Doriensium
1265 484 1296 549 in
1320 503 1382 551 usu
1404 483 1514 567 fuisse,
1541 487 1606 553 etsi

328 591 360 654 in
395 589 519 656 duobus
552 589 617 655 illis
645 589 782 656 Doricae
816 589 947 671 linguae
974 591 1170 658 testimoniis
1199 592 1343 674 ἱστορέω
1370 591 1484 660 Ionum
1512 614 1606 660 more

327 702 514 780 usurpatur.

434 805 589 887 Reliquae
604 802 814 870 formationes
832 804 948 887 ἵστωρ,
973 805 1151 887 ἱστορικός,
1168 805 1328 887 ἱστδρων,
1344 807 1488 889 ἱστορέω
1504 806 1606 893 (com-

328 911 442 999 probo)
479 917 588 978 certae
616 912 751 993 originis
780 912 934 978 indicium
961 932 1041 995 prae
1069 932 1104 980 se
1133 933 1197 979 non
1232 913 1350 980 ierunt.
1397 914 1604 981 Solummodo

327 1020 470 1103 ἱστορέω
495 1019 644 1106 (quaero)
669 1026 702 1086 et
725 1020 857 1102 ἱστορία
884 1019 966 1086 satis
994 1021 1204 1103 peculiariter
1230 1022 1448 1104 „quaerendi“
1473 1041 1604 1089 sensum

326 1129 479 1210 retinent,
511 1145 612 1211 quare
641 1127 792 1192 commoti
815 1127 894 1194 solis
918 1126 1060 1209 Ionibus,
1090 1148 1226 1212 quorum
1250 1148 1321 1195 cum
1344 1148 1415 1212 usu,
1445 1135 1605 1212 utsupra

325 1235 473 1316 uidimus,
508 1235 653 1317 tragicus
682 1252 788 1300 sermo
817 1253 914 1317 quam
944 1236 1185 1304 accuratissime
1214 1237 1383 1318 consentit,
1419 1237 1476 1302 illa
1504 1238 1605 1304 uerba

326 1343 492 1411 vindicare
516 1362 580 1410 non
603 1342 796 1409 dubitamus.

503 1626 786 1710 ΘΕΟΒΛΑΒΗΣ,
813 1625 1092 1709 ΘΕΟΒΛΑΒΕΩ,
1118 1626 1422 1700 ΘΕΟΒΛΑΒΕΙΑ.

432 1791 520 1857 Pers.
538 1794 602 1858 831
620 1789 712 1879 (822)
729 1792 816 1860 ἱεῖσι.

539 1897 628 1982 πρὸς
650 1900 751 1964 ταῦτ’
777 1898 909 1963 ἐκεῖνον
933 1900 1128 1980 σωφρονεῖν
1150 1900 1349 1981 κεχρημένοι

539 2006 712 2072 πινύσκετ’
737 2004 905 2087 εὐλόγοισι
926 2001 1182 2086 νουθετήμασιν

539 2110 637 2196 λῆξαι
659 2110 969 2196 θεοβλαβοῦνθ’
991 2110 1204 2195 ὑπερκόμπῳ
1228 2111 1362 2195 θράσει.

432 2219 532 2286 schol.
555 2219 700 2287 ἐκεῖνον·
725 2219 786 2286 τὸν
801 2217 941 2303 Ξέρξην,
966 2221 1093 2303 dequo
1119 2221 1236 2286 Darius
1260 2222 1320 2287 hoc
1343 2222 1431 2287 dicit.
1468 2222 1603 2289 Dindorl

327 2328 360 2393 in
383 2327 444 2395 lex,
462 2328 609 2413 Aeschyl.
634 2325 838 2411 θεοβλαβίω
861 2329 962 2393 uertit
983 2327 1037 2406 ,in
1062 2328 1140 2394 deos
1162 2333 1293 2412 peeco‘,
1317 2329 1413 2395 simil.
1432 2329 1599 2412 Sdtterlin,
1709 2402 1710 2415 η

328 2436 380 2502 die
396 2433 497 2502 rerba
512 2435 637 2501 denam.
654 2436 699 2501 im
714 2434 851 2516 Altgr.l
873 2455 904 2516 p.
923 2438 975 2499 74.
1014 2436 1130 2502 Varias
1154 2437 1254 2502 totius
1278 2437 1340 2502 loci
1364 2438 1600 2503 emendationes

326 2543 463 2625 praebet
485 2543 653 2610 Wecklein
689 2544 722 2608 in
759 2543 834 2609 edit.
851 2542 893 2609 Π.
919 2563 949 2624 p.
967 2544 1020 2608 37.
1079 2543 1145 2610 Nos
1181 2561 1252 2609 cum
1287 2545 1326 2612 G.
1350 2545 1536 2612 Hermanno
1571 2546 1599 2609 in

327 2653 403 2719 edit.
421 2652 461 2717 Il.
479 2652 813 2734 praeuertendum
833 2651 952 2717 codicis
976 2651 1171 2734 scripturam
1194 2653 1368 2735 sequimur,
1393 2672 1490 2736 quam
1505 2654 1601 2720 uertit

323 2760 380 2825 ille
403 2760 453 2825 uir
478 2761 697 2826 doctissimus:
740 2760 835 2835 „Vos
870 2759 987 2842 inquit,
1023 2778 1158 2841 quorum
1189 2760 1329 2827 interest
1356 2760 1446 2826 illum
1475 2780 1599 2844 sapere,

325 2874 453 2933 monete
471 2869 573 2934 eum“.
612 2867 676 2933 Sed
691 2867 769 2949 quid
786 2866 919 2932 ultimus
936 2885 1047 2933 versus
1063 2868 1164 2934 dicit?
1195 2864 1402 2951 θεοβλαβεῖν
1418 2869 1600 2952 oppositum

325 2981 376 3040 est
399 2975 496 3041 verbo
521 2979 724 3058 σωφρονεῖν.
764 2975 825 3053 Qui
848 2994 912 3040 non
935 2975 1036 3040 habet
1058 2976 1298 3059 σωφροσύνην,
1322 2972 1520 3058 θεοβλαβής
1545 2981 1596 3055 est,

324 3101 386 3164 quo
410 3083 509 3148 uerbo
534 3101 596 3147 non
612 3086 789 3164 peccatum,
814 3081 872 3147 sed
891 3100 997 3163 poena
1019 3082 1190 3164 indicatur,
1215 3101 1315 3166 quare
1331 3084 1524 3149 vertendum
1541 3088 1595 3150 est:

329 3191 478 3270 ,Moneta
502 3209 584 3269 eum,
614 3196 650 3254 ut
674 3189 850 3255 insanire
882 3189 1050 3256 desistam.
1098 3191 1199 3269 Quam
1228 3209 1365 3272 poenam
1389 3188 1475 3273 άτην
1499 3192 1601 3256 solent

325 3317 441 3364 uocare
454 3297 582 3381 Graeci,
598 3303 635 3361 ut
648 3297 766 3363 Darius
782 3296 879 3378 paulo
896 3302 972 3361 ante
987 3297 1069 3362 dixit
1081 3317 1110 3363 v.
1126 3299 1207 3363 821:
1232 3296 1330 3380 ύβρις
1344 3295 1406 3379 γὰρ
1423 3294 1600 3378 ἐξανθούσ

324 3405 504 3488 ε’κάρπωσε
518 3404 643 3487 στάχυν
660 3401 753 3488 ἄτης.
784 3405 908 3470 Xerxes
921 3404 1021 3487 igitur
1033 3403 1132 3469 habet
1144 3401 1231 3487 άτην
1243 3409 1276 3469 et
1289 3405 1420 3469 deorum
1436 3405 1601 3469 voluntate

324 3512 536 3595 ὑπερκόμπῳ
560 3510 684 3594 θράσει
706 3513 739 3577 in
764 3513 981 3579 calamitatem
1012 3512 1215 3594 propellitur.
1262 3513 1325 3575 Per
1347 3530 1383 3577 se
1406 3508 1602 3594 θεοβλαβής

323 3625 531 3702 potestesse,
557 3621 634 3703 ,qui
650 3623 745 3687 deum
760 3617 915 3703 βλάπτει,
938 3620 972 3684 in
996 3619 1090 3686 deum
1107 3627 1252 3702 peccat“.
1294 3618 1361 3683 Hoc
1377 3618 1447 3684 loco
1464 3638 1528 3684 non
1546 3623 1602 3684 est.

430 3729 567 3811 Reliqua
601 3728 697 3794 huius
732 3728 820 3793 vocis
849 3727 1037 3793 testimonia
1064 3729 1144 3793 haec
1169 3732 1257 3793 sunt:
1292 3725 1602 3792 Herod.I.127=

325 3835 410 3901 VllI.
431 3837 491 3901 137
510 3832 709 3918 θεοβλαβὴς
724 3833 908 3917 γενόμενος
923 3832 1216 3922 (duic)=insanus.
1243 3834 1391 3902 Aeschin.
1409 3834 1441 3898 in
1459 3832 1599 3916 ctesiph.

327 3944 404 4009 133:
430 3941 519 4008 ἀλλὰ
535 3943 598 4026 τήν
613 3962 650 4025 γε
664 3939 895 4025 θεοβλάβειαν
909 3940 967 4006 καί
983 3940 1046 4024 τὴν
1062 3940 1264 4024 ἀφροσύνην
1281 3938 1343 4005 οὐκ
1359 3937 1600 4022 ἀνθρωπίνως,

324 4047 413 4115 ἀλλὰ
437 4047 623 4131 δαιμονίως
645 4049 861 4132 κτησάμενοι.

432 4158 512 4223 Tum
548 4158 660 4224 eodem
688 4174 785 4223 sensu
814 4154 900 4238 apud
923 4154 1136 4221 recentiores:
1173 4155 1267 4220 Dion.
1292 4154 1366 4218 Hal.
1389 4153 1427 4220 A.
1452 4154 1489 4221 R.
1515 4153 1540 4221 Ι.
1562 4154 1601 4217 24

325 4264 452 4347 οἴστρῳ
475 4264 532 4329 καί
554 4260 763 4347 θεοβλαβείᾳ
780 4258 1069 4343 ἀπελαυνόμενος.
1107 4259 1196 4327 Οεεε.
1212 4260 1274 4326 1)ἰο
1291 4262 1343 4326 44.
1362 4261 1382 4325 8
1406 4258 1601 4342 καθήμενος

326 4374 417 4454 σφοῖς
434 4370 492 4436 εἴτ’
506 4368 568 4437 ούν
584 4366 793 4454 θεοβλαβείᾳ
808 4370 874 4435 τινί
891 4368 958 4435 εἴτε
973 4369 1030 4433 καί
1044 4368 1250 4451 περιχορείᾳ.
1275 4367 1428 4434 Themist.
1443 4370 1475 4434 4.
1490 4369 1532 4432 56
1547 4365 1602 4432 καί

325 4474 476 4544 ἀπειλεῖν
487 4474 751 4561 θεοβλαβούντσ
767 4475 909 4561 λάφυρά
924 4496 962 4543 τε
975 4476 1034 4542 καί
1046 4473 1324 4559 ἀνδραποδισμὸν
1336 4475 1393 4541 καί
1405 4472 1599 4539 ἀνάστασιν.

323 4582 519 4668 θεοβλαβής
547 4586 648 4669 igitur
675 4585 796 4668 ubique
819 4586 847 4652 is
873 4590 933 4668 est,
964 4584 1054 4650 cuius
1083 4589 1221 4652 mentem
1251 4584 1330 4651 deus
1353 4580 1599 4666 perturbaverit
