3475 5250
803 329 1001 393 ..2..

267 506 385 574 mixtus
420 511 471 573 est
504 526 542 572 ex
576 507 674 573 variis
710 507 867 574 dialectis.
916 507 997 572 Nam
1032 527 1128 592 quam
1162 509 1250 592 apud
1284 515 1413 592 gentem
1442 531 1540 578 unum

267 617 416 699 quodque
451 614 600 682 carminis
629 634 730 696 genus
760 616 898 698 primum
926 616 1091 682 inventum
1116 620 1150 682 ot
1172 621 1347 682 tractatum
1371 623 1436 701 est,
1472 620 1541 685 eius

267 724 467 806 potissimum
492 723 665 789 dialectum
688 741 767 806 prae
791 742 826 788 se
849 721 934 790 ierne
957 724 1049 806 solet,
1073 724 1121 790 ita
1144 729 1261 808 tamen,
1285 730 1323 791 ut
1345 746 1385 792 ne
1404 726 1541 793 aliarum

266 832 395 916 quidem
426 831 564 914 vestigia
595 830 804 897 dialectorum
833 832 953 913 desint,
989 837 1145 914 quantum
1173 833 1302 915 quidem
1325 833 1359 898 in
1382 833 1542 900 similibus

266 941 374 1023 poesis
409 938 581 1023 generibus
615 944 711 1005 antea
747 938 893 1005 excultae
928 944 1030 1007 erant.
1081 939 1174 1006 Hanc
1208 940 1301 1022 quasi
1336 940 1440 1024 legem
1470 948 1543 1023 post

267 1048 426 1132 Ahrensii,
449 1046 695 1130 Wilamowitaii,
720 1046 857 1112 aliorum
881 1047 1014 1113 inventa
1037 1053 1135 1131 atque
1164 1066 1257 1113 curas
1280 1047 1319 1112 Ε.
1342 1048 1487 1113 Zarncke
1509 1047 1543 1112 in

266 1155 390 1222 libello:
420 1156 481 1222 Die
503 1154 728 1235 Entwichlung
752 1155 809 1220 der
833 1154 1056 1238 griechischen
1079 1155 1430 1238 Litteratursprachen,
1455 1154 1542 1235 Lips.

269 1265 354 1328 1890
389 1261 550 1328 uberrime
586 1260 749 1343 explicuit.
796 1261 886 1339 Quae
920 1281 991 1328 cum
1025 1263 1073 1328 ite
1107 1263 1182 1344 sint,
1217 1261 1313 1328 facile
1340 1261 1544 1342 intellegitur

268 1370 356 1436 chori
390 1368 507 1451 tragici
542 1368 714 1434 dialectum
750 1370 885 1434 eandem
913 1369 981 1438 iere
1009 1390 1091 1453 esse,
1128 1389 1210 1453 quae
1238 1371 1271 1436 in
1301 1371 1386 1436 omni
1416 1369 1545 1435 chorico
1612 1418 1615 1423 .

266 1478 358 1561 poesi
388 1476 526 1544 valebat.
572 1475 610 1540 In
646 1476 799 1543 diverbiis
835 1482 944 1543 autem
974 1480 1116 1545 Atticam
1144 1479 1315 1545 dialectum
1343 1497 1409 1543 non
1440 1477 1544 1543 solum

266 1587 416 1667 maiores
441 1584 498 1650 sed
521 1584 641 1665 primas
665 1589 776 1668 partes
801 1584 947 1652 obtinere
972 1590 1222 1653 consentaneum
1246 1589 1306 1669 est,
1337 1586 1486 1668 quoniam
1512 1592 1546 1650 et

268 1695 484 1760 diverhiorom
508 1709 613 1758 sermo
637 1692 781 1774 proxime
805 1694 931 1760 accedit
954 1695 995 1759 ad
1019 1692 1209 1760 familiarem
1231 1693 1494 1759 consuetudinem
1511 1697 1545 1758 et

267 1801 436 1883 tragoedia
460 1801 532 1884 ipsa
555 1800 595 1866 ah
614 1800 864 1868 Atheniensibus
889 1803 1021 1868 iuventa
1045 1807 1104 1868 est.
1151 1802 1263 1885 Neque
1287 1806 1393 1867 tamen
1417 1801 1544 1884 mirum,

268 1910 353 1993 quod
387 1909 550 1991 permulta
585 1914 696 1974 extant
730 1911 868 1993 vestigia
904 1909 1035 1976 dialecti
1068 1909 1195 1990 Ionum,
1233 1910 1352 1994 quippe
1380 1928 1400 1973 a
1428 1909 1545 1991 quibus

267 2016 404 2082 iambica
437 2016 545 2098 poesis
580 2021 651 2082 tota
686 2016 833 2099 profecta
868 2018 921 2083 sit.
979 2019 1129 2084 Admixta
1153 2022 1230 2082 sunt
1252 2020 1424 2099 praeterea
1458 2016 1545 2082 haud

268 2143 370 2206 pauca
394 2124 543 2189 dictionis
568 2123 678 2245 epicae
702 2123 872 2204 elementa,
908 2143 992 2206 quae
1021 2125 1088 2190 inst
1089 2144 1126 2189 ar
1073 2123 1435 2246 tfundamentit
1330 2128 1435 2189 test
1458 2124 1546 2244 omni
1583 2121 1586 2125 ’

269 2359 323 2405 ves
325 2340 406 2422 tigia
439 2337 533 2403 facile
565 2339 640 2404 inde
670 2338 810 2420 explicat
811 2358 859 2420 ur,
896 2280 983 2422 quod
1010 2341 1051 2405 ad
1073 2340 1207 2424 lyricam
1231 2340 1342 2422 poesin
1366 2339 1547 2404 revocanda

268 2453 343 2513 sunt
366 2447 542 2530 primordia
566 2447 755 2528 tragoediae
781 2451 864 2514 teste
890 2446 1067 2514 Aristotele
1090 2448 1274 2529 γενομένης
1298 2494 1356 2512 ...
1382 2443 1451 2510 ἀπὸ
1475 2447 1547 2509 τῶν

269 2553 481 2639 ἐξαρχόντων
504 2552 566 2619 τὸν
590 2551 816 2638 διθύραμβον.

376 2664 464 2743 Quae
499 2663 710 2729 dialectorum
744 2663 857 2729 mixtio
901 2669 938 2727 ut
979 2664 1099 2730 rectius
1139 2662 1361 2746 intellegatur,
1412 2680 1467 2727 eas
1509 2680 1548 2727 ex

270 2770 420 2853 Aeschyli
444 2770 598 2836 diverhiis
621 2769 740 2837 formas
765 2771 1025 2855 conquisivimus,
1055 2791 1136 2856 quas
1166 2791 1205 2837 ex
1228 2790 1290 2854 quo
1314 2769 1456 2835 Atticam
1480 2769 1547 2833 dia·

269 2879 334 2944 lect
320 2883 388 2943 tum
413 2878 660 2959 inscriptionum
684 2879 801 2945 auxilio
828 2880 1044 2961 cognovimus,
1073 2880 1108 2944 id
1131 2885 1181 2945 est
1168 2878 1359 2944 t.eaVII
1361 2877 1450 2941 t.VI
1477 2894 1548 2941 sae·

273 2986 592 3068 culis,nonAtttt1cas
615 2985 715 3053 luisse
737 2991 873 3069 propter
896 3006 1047 3053 sonorum
1063 3006 1100 3052 ra
1102 2987 1221 3051 tionem
1237 2988 1364 3050 constat
1365 2983 1549 3066 .Aeschy-

270 3094 337 3158 lum
365 3098 474 3158 autem
502 3094 702 3177 elegimuse
685 3096 928 3177 etragicorum
951 3100 1028 3178 poet
1030 3114 1120 3159 arum
1143 3111 1286 3172 numero,
1322 3091 1397 3173 quia
1421 3109 1548 3156 omnem

272 3201 311 3265 de
335 3201 522 3283 tragoediae
547 3202 685 3268 dialecto
710 3202 931 3285 quaestionem
956 3204 996 3269 ab
1016 3201 1185 3286 Aeschylo,
1210 3199 1434 3282 antiquissimo
1459 3199 1548 3263 cuius

274 3308 403 3390 quidem
432 3310 617 3391 tragoedias
645 3309 800 3375 hahemus
829 3318 927 3392 poeta
955 3310 1165 3393 repetendam
1190 3326 1261 3374 csse
1283 3305 1378 3371 facile
1401 3311 1548 3387 apparet.

380 3415 521 3493 Quarum
550 3416 724 3482 formarum
751 3417 838 3482 haud
867 3437 986 3499 paucas
1014 3436 1128 3484 revera
1156 3414 1196 3480 ah
1221 3412 1378 3495 Aeschylo
1409 3414 1549 3494 scriptas

272 3520 371 3587 fuisse
406 3522 553 3604 pluribus
588 3525 787 3605 argumentis
824 3525 1062 3607 comprobatur.
1108 3522 1250 3587 Primum
1275 3519 1403 3602 quidem
1426 3517 1549 3585 multae

273 3648 478 3695 numerorum
506 3632 633 3697 ratione
661 3632 709 3697 ita
737 3633 955 3713 postulantur,
991 3637 1118 3697 utnon
1146 3630 1243 3694 liceat
1266 3628 1394 3691 Atticae
1418 3626 1549 3691 dialecti

263 3734 391 3803 'formas
415 3738 448 3803 in
473 3757 582 3804 eorum
605 3739 711 3806 locum
735 3741 950 3819 substituere;
975 3744 1044 3803 tum
1068 3736 1229 3818 scriptura
1252 3732 1459 3799 confirmatur
1476 3751 1550 3799 con-

273 3864 370 3912 sensu
394 3847 533 3911 omnium
557 3847 699 3914 locorum
724 3848 792 3915 sive
816 3847 903 3931 apud
926 3847 1028 3912 solum
1044 3844 1235 3925 Aeschylum
1253 3841 1321 3906 sive
1336 3840 1422 3921 apud
1439 3860 1550 3908 omnes

273 3954 415 4036 tragicos
451 3938 579 4035 poetas3
617 3962 692 4021 suut
723 3956 860 4038 denique
889 3972 971 4036 quae
1001 3951 1152 4033 analogia
1179 3947 1392 4015 defendantur
1415 3947 1505 4012 velut
1529 3969 1550 4012 α

273 4061 392 4128 vocalis
433 4062 466 4127 in
506 4063 756 4144 compositarum
790 4081 902 4128 vocum
944 4061 1094 4125 iunctura
1135 4062 1332 4123 conservata.
1394 4055 1551 4138 Reliquae

273 4166 394 4234 formae
429 4170 534 4235 minus
570 4176 677 4236 certae
713 4176 797 4237 sunt.
846 4170 965 4234 Tamen
1001 4186 1058 4232 eae
1093 4184 1220 4248 quoque
1254 4181 1294 4227 ne
1325 4161 1549 4243 neglegantur,

275 4277 450 4342 cavendum
473 4283 533 4344 est.
572 4277 641 4343 Iam
666 4278 750 4344 enim
773 4278 806 4343 in
822 4282 951 4343 vetusta
971 4273 1028 4338 illa
1045 4273 1166 4355 charta,
1192 4270 1242 4336 coi
1259 4268 1417 4335 Timothei
1433 4269 1550 4334 Persas

275 4382 437 4469 debemus,
462 4403 594 4452 cernere
617 4386 704 4469 licet,
733 4385 872 4468 qualis
863 4403 897 4449 1n
920 4400 1067 4449 sermone
1090 4380 1217 4462 poetico
1242 4396 1327 4443 curce
1350 4395 1379 4441 a
1404 4376 1469 4440 400
1493 4395 1550 4457 po-

274 4490 375 4555 tuerit
397 4510 468 4559 esse
492 4492 666 4559 formarum
691 4492 819 4559 dialect
795 4498 933 4559 tucarum
961 4490 1025 4554 mix
1027 4490 1131 4573 tio,c
1114 4486 1153 4555 ci
1177 4483 1442 4565 v.Wilamowitz,
1469 4483 1550 4550 Tim.

274 4616 305 4679 p
323 4598 366 4662 40
379 4616 426 4683 sq.
