3475 5250
4 4191 13 4241 i

703 329 948 394 —107-

185 514 343 580 iacturam
378 508 526 577 benivolo
562 526 686 576 mecum
718 506 975 575 communicavit.
1021 509 1107 575 Illud
1138 506 1297 588 suffixum,
1334 500 1473 592 dequo

186 622 362 701 Usenerus,
400 616 633 701 Sintflutsagen
668 637 699 702 p.
734 619 829 700 58sq.
865 617 1121 700 locupletissime
1156 616 1233 700 egit,
1270 615 1470 682 Solmsenius

187 734 285 811 negat
313 728 347 793 in
375 726 442 792 ullo
472 725 570 792 verbo
600 725 725 793 Graeco
756 725 899 808 conspici
926 726 990 791 nisi
1013 726 1046 791 in
1071 742 1147 791 voce
1172 721 1339 808 ὀβρῖκαλα
1373 728 1407 789 et
1436 725 1469 790 in

188 835 367 918 Sophronis
391 852 468 900 vocc
490 829 681 916 Ἡρύκαλος
696 832 758 917 lrg.
785 835 847 898 142
856 833 898 899 Κ.
913 901 916 905 ,
931 833 1013 900 Nam
1029 834 1114 916 quod
1131 831 1272 913 Curtius,
1298 833 1388 899 Stud.
1406 833 1430 897 Ι.
1452 838 1466 897 l

186 965 217 1028 p.
251 945 371 1026 259sq.
409 941 563 1008 tractavit
601 943 734 1008 verbum
769 940 973 1025 γραύκαλος,
1014 945 1124 1025 potest
1165 940 1277 1007 deduci
1314 960 1333 1006 a
1368 943 1472 1025 stirpe

190 1049 311 1135 γλανκ-
329 1048 577 1115 dissimilatione
598 1046 779 1115 deformata
803 1048 841 1116 cl.
867 1049 943 1117 Hcs.
968 1047 1170 1132 γραύκαλος·
1197 1045 1311 1130 ὄρνις
1333 1049 1470 1132 τεφρός.

189 1159 337 1225 Alterum
360 1162 470 1223 autem
492 1156 631 1223 Useneri
655 1157 846 1240 exeruplum‚
882 1157 1090 1223 Deucalionis
1120 1174 1234 1223 nomon
1271 1176 1343 1223 cum
1367 1155 1472 1222 Solm-

188 1267 279 1335 scnio
314 1285 335 1332 a
368 1265 470 1347 stirpe
509 1262 603 1330 ὁεοκ-
639 1263 894 1350 (Πολυδεύκης,
931 1262 1117 1347 ἐνδυκέως,
1160 1262 1320 1350 ἀδεοκής)
1356 1266 1478 1333 deduci·

190 1380 310 1460 potest,
336 1391 406 1440 cum
430 1372 560 1438 nomina
583 1374 717 1456 propria
740 1373 773 1439 in
797 1372 895 1454 -κλος
916 1372 1057 1440 formata
1080 1375 1171 1439 iuxta
1185 1372 1412 1440 formationem
1437 1375 1470 1440 in

190 1480 289 1564 -κλης
324 1482 364 1548 de
400 1478 514 1546 suifixo
543 1478 644 1546 -καλο
673 1481 753 1546 nihil
781 1482 931 1562 probent.
979 1480 1186 1548 Solummodo
1216 1481 1474 1550 deformatione

196 1585 402 1672 Ἡρύ-καλος
426 1587 577 1655 dubitare
601 1606 665 1654 non
689 1587 775 1666 licet,
799 1588 960 1672 quidquid
983 1589 1083 1673 stirps
1113 1587 1210 1671 Ἡρο-
1233 1589 1404 1673 significat.

298 1697 414 1780 Itaque
437 1696 567 1762 unicum
594 1694 682 1762 illius
699 1694 813 1782 ,suffixi
837 1696 1058 1764 testimonium
1088 1699 1174 1781 apud
1198 1699 1351 1783 Graecos,
1387 1700 1473 1783 quod

191 1807 305 1890 quinto
336 1804 465 1872 sacculo
495 1804 737 1871 attribuendum
766 1810 827 1885 cst,
863 1809 996 1889 practer
1020 1805 1212 1889 Aeschylum
1240 1810 1358 1888 poetae
1387 1806 1475 1873 Sice-

190 1916 291 1981 liotae
315 1914 461 1992 debetur,
485 1917 523 1978 ut
546 1912 666 1978 vocalis
691 1934 713 1978 α
737 1913 916 1980 mutatione
940 1913 1041 1981 culo·
1063 1913 1184 1980 lactum
1208 1915 1295 1997 apud
1311 1915 1475 1980 Romanos

192 2021 313 2089 floruit.
359 2021 489 2087 Vocalis
525 2025 633 2086 autem
661 2022 799 2088 mutatio
823 2041 864 2089 nc
893 2023 965 2106 quis
996 2023 1103 2105 mirot,
1139 2023 1252 2089 eadem
1277 2022 1475 2105 conspicitur

195 2132 228 2196 in
252 2148 329 2196 voce
363 2127 518 2210 ῖταλός·
559 2125 727 2212 Ῥωμαῖος
755 2131 996 2213 respogius,
1032 2130 1149 2196 Latine
1177 2130 1342 2213 vitulus,
1379 2150 1475 2214 quam

193 2238 346 2306 Italiotac
371 2236 487 2304 Gracci
512 2237 582 2304 sinc
606 2238 703 2304 dubio
728 2237 768 2304 ab
792 2238 907 2306 incolis
930 2238 1047 2305 ltaliae
1071 2245 1273 2322 receperunt.

301 2346 407 2426 Quare
436 2343 587 2411 suffixum
611 2344 737 2427 -καλο-,
773 2347 890 2413 Latine
921 2348 1023 2414 culo·
1058 2348 1170 2414 eadem
1206 2346 1393 2413 condicione
1427 2347 1477 2412 uti

194 2455 332 2536 videtur,
358 2472 396 2520 ac
417 2451 567 2520 suffixum
590 2458 689 2534 -ῖνος,
713 2454 831 2521 Latine
846 2459 943 2536 -inus,
952 2452 978 2540 ¹)
1002 2455 1034 2520 in
1059 2474 1133 2538 quo,
1158 2456 1244 2538 qnod
1267 2454 1361 2537 plura
1384 2454 1477 2521 testi·

195 2563 303 2631 monia
326 2567 456 2630 servata
479 2567 565 2646 sunt,
590 2581 643 2630 res
667 2563 768 2630 multo
793 2562 996 2647 explanation
1020 2568 1080 2630 cst.
1127 2563 1165 2629 Id
1189 2563 1221 2629 in
1245 2563 1318 2647 ipsa
1342 2560 1479 2629 Graecia

194 2690 257 2737 non
282 2671 446 2754 reperitur
468 2672 532 2739 nisi
556 2673 589 2737 in
613 2672 797 2739 nominibus
822 2671 986 2739 hominum
1010 2673 1098 2739 velut
1114 2670 1295 2754 Κρατῖνος,
1325 2666 1479 2753 Ἀρχῖνος

195 2779 237 2845 al,
288 2777 389 2846 Plane
412 2781 559 2863 ignotum
583 2784 691 2847 autem
727 2785 777 2849 est
801 2782 832 2846 in
863 2780 1031 2847 adiectivis
1061 2779 1219 2864 originem
1248 2778 1476 2860 indicantibus,

194 2887 374 2953 uetustiore
414 2887 544 2971 quidem
583 2893 708 2973 actate;
747 2907 822 2954 nam
857 2892 966 2955 aetate
1001 2890 1147 2955 Romana
1181 2889 1242 2954 boo
1276 2885 1479 2952 formationis

196 3014 297 3079 genus
336 2994 431 3061 valde
471 3000 599 3062 auctum
639 3001 699 3063 cst.
764 2998 917 3064 Traditur
960 2997 1089 3081 quidem
1133 2996 1220 3079 apud
1258 2994 1479 3089 Herodianum

195 3104 220 3169 I.
247 3105 393 3186 184.14,
418 3103 459 3171 II.
487 3105 561 3171 888.
581 3106 623 3170 24
647 3105 682 3170 L.
709 3110 742 3171 et
757 3105 958 3189 Stephanum
974 3106 1050 3190 Byz.
1077 3124 1102 3173 s.
1119 3125 1149 3171 v.
1171 3101 1382 3188 Ἀμοργῖνος,
1408 3120 1479 3168 cum

197 3212 292 3278 titulo
315 3212 489 3278 exhibeant
511 3209 687 3296 Ἀμόργιος
710 3213 748 3281 cl.
772 3213 830 3281 IG.
854 3215 881 3281 Ι.
905 3214 988 3296 ind.;
1014 3209 1306 3296 Φολενανόρῖνοος
1322 3209 1479 3293 Stephani

196 3319 346 3403 Byzantii
381 3326 476 3387 vocat
508 3320 607 3388 Solon
642 3320 703 3405 lrg.
736 3324 802 3390 al
841 3320 1113 3405 Φολεγανὸρῖοος
1145 3325 1250 3387 metro
1285 3317 1480 3400 scripturam

197 3426 417 3494 confirmante.
465 3427 670 3496 Solummudo
700 3426 897 3513 Ἀραντῖνος
920 3449 971 3513 ap.
988 3430 1126 3495 Pausan.
1153 3430 1252 3496 212.
1272 3430 1293 3491 4
1318 3432 1351 3492 et
1367 3425 1478 3508 Steph.

198 3537 278 3620 Byr.
303 3554 329 3602 s.
346 3554 376 3601 v.
406 3531 564 3618 Ἀραντία
587 3543 621 3603 et
643 3534 830 3619 Λεοντῖνος
853 3556 905 3620 ap.
930 3536 1041 3620 Steph.
1066 3537 1141 3621 Byz.
1168 3556 1192 3603 s.
1210 3556 1239 3601 u.
1269 3532 1481 3618 Ἀργοοραῖοι

200 3662 315 3709 reuera
351 3642 383 3708 in
414 3661 475 3709 usu
497 3642 637 3729 luerunt,
674 3662 758 3727 quae
787 3651 895 3711 tamen
920 3645 1049 3710 nomina
1073 3643 1206 3727 propria
1239 3643 1292 3710 vix
1315 3643 1402 3707 inter
1424 3642 1480 3709 ad·

202 3751 320 3817 iectiva
344 3750 501 3833 originem
525 3751 702 3818 indicantia
726 3754 870 3834 putanda
894 3757 979 3818 sunt.

307 3857 428 3926 contra
456 3860 543 3942 apud
567 3859 708 3927 Graecos
734 3866 767 3927 ct
789 3859 960 3927 Siceliotas
990 3865 1024 3927 et
1046 3859 1196 3927 Italiotas
1226 3859 1306 3925 hacc
1329 3857 1480 3924 formatio

199 3965 309 4033 floruit
338 3963 376 4031 ol.
405 3963 622 4050 Ταραντῖνος,
657 3965 821 4051 Ῥηγῖνος,
849 3966 1121 4049 Μεταποντῖνος,
1156 3964 1351 4049 Ἐλωρῖνος,
1386 3962 1482 4048 Ἐρα-

199 4078 295 4155 κῖνος
317 4072 420 4139 mnlta
443 4071 497 4147 al,
525 4076 562 4137 ut
586 4072 790 4138 Herodianus
820 4072 955 4138 adnotet
978 4072 1018 4137 ΙΙ.
1045 4073 1157 4139 888.9
1181 4071 1217 4136 L.
1246 4075 1350 4150 -ῖνος·
1376 4067 1394 4134 ὃ
1419 4066 1482 4133 οὐκ

202 4179 311 4266 ἄηθες
346 4175 498 4244 Σικελῶν
533 4174 571 4241 cl.
607 4175 743 4257 Abrens,
782 4174 856 4240 dial.
893 4174 936 4240 11.
966 4194 996 4258 p.
1028 4176 1104 4256 390,
1132 4173 1251 4257 Steph.
1289 4174 1368 4257 Bya
1401 4190 1427 4237 s.
1450 4190 1482 4242 r.

200 4284 383 4373 Ἀματλος,
403 4291 441 4351 ut
456 4283 613 4350 Philistus
627 4282 816 4366 Syracusius
832 4301 931 4350 ausus
955 4284 1000 4350 sit
1016 4282 1206 4349 Ambraciae
1223 4282 1345 4349 incolas
1365 4298 1482 4347 vocare

200 4450 414 4465 ...μ-

310 4540 332 4612 ¹)
349 4538 391 4593 De
410 4535 462 4592 hoc
475 4534 573 4591 suffixo
593 4534 652 4606 egit
661 4531 869 4604 Wackernagel,
887 4532 991 4590 Archiv
1008 4531 1054 4587 hir
1065 4531 1114 4591 lat
1127 4530 1270 4601 Lexicogr.
1288 4530 1365 4589 xlv.
1383 4546 1410 4603 ρ.
1424 4534 1483 4604 tuq.
